2561 3333
1218 111 1248 154 8

96 228 148 266 ita
176 227 278 271 sunt,
304 227 352 263 ut
374 223 512 275 prioris
539 223 712 263 vocabuli
739 224 874 262 natura
900 224 1134 269 mutar-etun
1162 233 1262 273 quae
1288 224 1321 263 si
1347 224 1580 269 distraxeris,
1606 224 1714 273 prior
1739 235 1828 275 pars
1855 235 1935 267 non
1961 232 2035 271 erit
2058 237 2127 274 aut
2143 234 2367 279 vocabulum

96 301 168 342 per
194 300 237 330 se
264 291 441 329 constans
467 289 534 327 aut
561 297 608 327 ea
633 286 804 326 vocabuli
841 295 912 336 per
938 295 981 325 se
1008 285 1217 326 constantis
1244 286 1386 335 forma,
1423 298 1533 338 quaev
1547 295 1633 327 eum
1660 287 1780 328 altera
1806 292 2080 340 parte-sociari
2108 304 2246 348 quem
2278 301 2367 342 gana

94 358 186 394 sunt
212 351 276 393 illa
302 352 559 392 Vari-aniana.
609 350 765 390 Consue
804 359 960 418 quoque
988 349 1147 396 faciunt,
1198 351 1369 390 excande
1407 361 1471 391 me
1497 350 1689 396 fecerum,
1726 354 1767 390 et
1793 352 2070 395 Catonianum}
2121 360 2242 404 Ferve
2268 365 2370 403 beno

97 418 226 463 facito,
264 416 313 455 de
340 415 482 464 quibus
520 426 553 453 v.
577 411 734 452 liamsb.
762 407 847 452 Gr.
856 412 900 452 L.
927 424 965 463 p.
996 413 1108 459 1007,
1136 413 1228 453 item
1255 413 1330 452 hoc
1354 413 1593 453 Plautinum.
1632 419 1695 453 me
1721 423 1806 454 esse
1837 415 1910 456 hos
1950 419 2145 461 trecentos
2170 424 2367 476 Philippos

94 482 285 521 iacturum
318 477 429 517 lucri.
479 479 605 525 Atque
631 475 707 514 hoc
733 475 893 515 tertium
919 485 1060 527 genus,
1095 476 1202 515 cuius
1228 478 1319 514 sunt
1341 475 1500 526 Nepotis
1518 475 1652 524 verba,
1687 487 1818 518 cascae
1844 475 2022 521 relictum
2055 485 2114 522 est
2138 487 2365 537 antiquitati,

95 547 138 582 ut
163 554 215 582 ne
247 543 389 591 poetae
421 539 575 588 quidem
608 548 750 577 aureae
783 539 920 577 aetatis
952 538 1024 577 nisi
1059 536 1251 576 rarissime
1286 538 1322 575 ei
1350 537 1478 576 locum
1514 539 1672 585 darent:
1707 541 1835 591 priora
1870 541 1947 580 duo
1981 551 2124 593 genera
2159 549 2230 587 etsi
2264 561 2365 596 raro,

95 605 230 657 optimi
257 608 387 645 tamen
413 602 558 652 quique
594 598 804 651 scriptores
844 601 1081 641 admiserunt
1104 609 1176 639 nec
1202 597 1425 639 dubitarunt
1451 599 1491 640 in
1517 601 1639 641 altero
1666 609 1810 653 genere
1837 604 2094 646 distractionis
2120 608 2364 652 insolentiam

94 679 239 721 augere
264 667 446 707 collocata
480 665 770 727 praepositione
804 666 893 716 post
917 663 1085 703 verbum.

221 730 463 771 Transitarus
491 728 541 768 ad
571 721 1011 778 „magnificentissimum
1036 725 1201 764 factum“
1235 723 1462 776 Thrasybuli
1489 727 1759 767 sententiolam
1785 726 1834 767 de
1850 729 2037 769 *somnae
2074 732 2109 770 vi
2136 737 2364 783 praemittit:

95 795 235 835 rivulos
253 803 344 832 suos
369 792 523 831 videtur
543 791 701 831 duxisse
719 789 767 830 de
784 790 1037 833 Marcelliano,
1064 787 1233 828 indicant
1250 788 1493 839 interpretes.
1546 790 1683 840 Incipit
1702 788 1776 830 sic:
1804 790 1896 831 Sed
1921 790 2007 832 iila
2032 795 2188 835 tamen
2214 800 2363 838 omnia

93 853 355 898 communia
383 854 758 905 imperatoribus
793 863 894 892 cum
921 849 1161 889 militibus
1194 853 1240 890 et
1266 851 1474 891 fortuna.
1533 852 1826 900 Dubitantibus‚
1862 864 1962 904 quae
1988 856 2065 895 sint
2090 856 2172 896 illa
2199 861 2363 907 omnia,

94 920 324 961 succurrunt
364 918 598 970 interpretes
633 916 808 956 benevoli
837 913 1052 964 jubentque
1088 924 1167 952 non
1204 925 1248 953 ea
1283 915 1472 965 cogitare,
1510 926 1611 965 quae
1644 922 1760 966 supra
1796 917 1895 956 dieta
1928 920 2059 965 erant,
2094 918 2298 962 Alcibiadis
2324 927 2365 963 et

90 981 319 1032 Thrasybuli
335 991 421 1026 res,
459 980 527 1019 sed
552 980 695 1018 similia
718 979 800 1018 iilis.
861 976 976 1022 Est0;
1011 978 1051 1015 at
1075 976 1245 1016 divinare
1278 977 1354 1017 hoc
1379 978 1535 1028 quidem
1569 981 1645 1025 est,
1679 989 1759 1017 non
1783 980 2040 1029 interpretari.
2101 982 2196 1021 Post
2229 984 2364 1023 eadem

88 1047 344 1095 interpretum
369 1054 432 1083 ars
456 1042 629 1092 repperit
656 1062 704 1070 -—
741 1037 833 1089 quid
861 1039 965 1078 enim
992 1049 1069 1079 non
1095 1041 1297 1089 repperit?
1331 1063 1383 1069 —
1419 1043 1605 1091 quantum
1640 1039 1844 1081 interesset
1878 1042 1981 1082 inter
2013 1043 2141 1083 vires
2174 1046 2365 1095 vimque

88 1107 417 1160 pugnantium.
478 1105 592 1144 Vires
618 1103 721 1142 enim
746 1102 988 1152 singulorum
1015 1102 1309 1153 intellegendas,
1345 1104 1422 1143 vim
1448 1113 1694 1143 comunem
1722 1104 1896 1145 oninium
1928 1103 2130 1156 impetum.
2189 1109 2242 1146 At
2267 1107 2364 1148 haec

88 1175 154 1210 est‘
174 1169 389 1219 diligentia,
425 1166 612 1205 laudanda
647 1166 711 1204 illa
739 1165 897 1214 quidem
929 1166 969 1203 in
1003 1166 1245 1211 centurione,
1283 1167 1369 1215 qui,
1404 1175 1521 1216 quem
1540 1167 1588 1206 ad
1606 1167 1765 1205 modum
1799 1167 1849 1206 sit
1880 1165 2073 1217 proelium
2098 1170 2362 1215 commissum,

87 1234 206 1274 refert
231 1229 454 1281 imperatori
481 1229 650 1274 absenti;
698 1239 721 1267 a
748 1228 950 1277 scriptore,
986 1228 1051 1277 qui
1078 1227 1347 1268 excellentium
1381 1229 1522 1268 ducum
1547 1229 1643 1269 vitas
1675 1229 1891 1275 adumbrat,
1926 1230 2169 1271 alienissima.
2220 1231 2265 1271 In
2291 1232 2364 1272 hac

87 1295 325 1335 dubitatione
360 1299 434 1329 nec
466 1290 559 1328 iliud
592 1289 849 1340 praetermitti
877 1289 1012 1335 debet,
1050 1300 1165 1339 quam
1199 1291 1249 1329 sit
1282 1289 1504 1341 imperfecta
1535 1292 1775 1331 sententiola.
1839 1291 1957 1341 Quod
1990 1302 2054 1333 res
2080 1303 2197 1345 saepe
2230 1295 2309 1335 abit
2335 1306 2357 1335 a

87 1358 247 1398 consilio
274 1354 519 1404 imperatoris
553 1353 603 1392 ad
638 1354 738 1392 vires
773 1353 1045 1402 pugnantium,
1081 1352 1144 1398 fit,
1178 1356 1223 1392 ut
1248 1354 1469 1403 imperatori
1497 1355 1579 1394 laus
1606 1355 1923 1394 communicanda
1957 1356 2008 1395 sit
2041 1366 2130 1395 cum
2156 1358 2361 1404 militibus;

87 1422 152 1472 qui
179 1428 269 1460 cum
296 1417 470 1463 for-tima,
506 1415 556 1456 de
581 1426 631 1456 eo
657 1414 752 1456 nihil
778 1416 818 1456 in
845 1415 919 1455 hoc
946 1415 1161 1455 enunciato.
1215 1414 1516 1467 Quodquoniam
1549 1418 1665 1458 etiam
1699 1418 1740 1458 in
1772 1419 1960 1469 proximis
1993 1418 2105 1459 miles
2138 1422 2177 1459 et
2208 1420 2360 1461 fortuna

83 1483 292 1536 separatim
317 1482 526 1531 ponuntur,
559 1480 600 1519 in
626 1479 819 1530 prioribus
845 1481 913 1518 aut
947 1489 1096 1517 summa
1129 1479 1324 1529 scriptoris
1350 1480 1552 1519 infirmitas
1579 1481 1718 1521 mentis
1744 1481 1956 1522 accusanda
1984 1484 2055 1529 est,
2084 1485 2151 1522 aut
2176 1483 2359 1524 mendum

84 1551 125 1588 in
147 1546 300 1586 verbis.
331 1544 391 1583 ad
416 1544 548 1582 vires
575 1543 763 1592 vimque
789 1542 1111 1591 pugnantium
1138 1543 1405 1588 statuemium
1440 1543 1553 1592 plana
1579 1543 1675 1583 haec
1700 1547 1841 1589 essent,
1868 1546 1901 1583 si
1928 1544 2160 1595 scripsisset·
2184 1546 2234 1585 ad
2260 1547 2359 1585 vires

84 1607 337 1662 pugnantium
363 1604 517 1656 vimque
543 1604 733 1645 fortimae.
793 1604 934 1645 Postea
960 1615 1048 1645 cum
1079 1603 1129 1644 ad
1160 1605 1604 1656 „magnificentissimum
1638 1605 1801 1647 sactum“
1831 1606 1995 1655 aceedit,
2030 1617 2159 1648 crassa
2184 1608 2357 1649 Minerva

86 1674 197 1714 dicit:
237 1670 397 1719 Quare
430 1668 523 1709 illud
553 1667 975 1718 magnificentissimum
1002 1689 1066 1706 —-.
1117 1666 1207 1708 Non
1239 1668 1342 1707 enim
1376 1668 1484 1714 ideo,
1519 1669 1624 1718 quod
1654 1669 1736 1709 fere
1769 1670 1935 1709 militum
1956 1669 2224 1721 fortunaeque
2257 1672 2357 1711 bona

90 1746 179 1786 pars
217 1736 278 1773 est
307 1742 440 1771 rerum
474 1732 575 1770 bene
608 1734 834 1781 gestarumy
863 1731 1010 1780 patriae
1045 1731 1228 1769 liberatae
1263 1731 1345 1769 iaus
1379 1731 1606 1781 Thrasybuli
1641 1735 1703 1772 est
1735 1734 1911 1783 propria,
1947 1733 2015 1772 sed
2053 1734 2143 1783 quia
2177 1736 2218 1773 et
2253 1734 2357 1774 solus

84 1797 248 1839 instituit
280 1795 446 1847 patriam
472 1794 636 1834 liberare
664 1796 705 1834 et
730 1804 820 1834 cum
855 1793 1095 1845 paucissimis
1128 1793 1299 1844 perfecit.

210 1858 298 1899 Jam
323 1858 449 1908 primo
483 1857 570 1896 loco
597 1857 801 1896 coniuncte
834 1867 898 1896 res
923 1853 1213 1906 percurremus,
1252 1865 1346 1906 quas
1371 1857 1501 1895 narrat
1527 1858 1654 1907 gestas
1689 1856 1738 1896 ad
1763 1856 1881 1897 XXX
1914 1859 2098 1908 tyrannos
2135 1857 2356 1898 eiiciendos.

85 1923 199 1973 Digni
227 1924 324 1966 sunt,
363 1921 429 1969 qui
464 1919 713 1959 consulantur
739 1920 787 1959 de
822 1919 880 1959 his
914 1920 1030 1958 rebus
1063 1918 1190 1958 Leake
1223 1920 1264 1958 in
1308 1919 1567 1969 descriptione
1609 1920 1850 1960 Athenarum
1881 1922 1923 1959 et
1958 1919 2108 1960 Sievers
2143 1921 2193 1960 de
2225 1921 2356 1960 Rebus

84 1984 242 2025 Graecis
267 1984 356 2033 post
381 1981 527 2022 bellum
552 1981 922 2032 Peloponnesiacum
947 1981 1077 2032 gestis.

211 2046 415 2094 Nunquam
441 2045 701 2094 Thrasybulus
728 2044 888 2094 Phylam
915 2044 1096 2093 confugit,
1123 2043 1195 2081 sed
1219 2042 1370 2081 Thebas
1396 2043 1478 2081 sere
1509 2044 1568 2082 vei
1593 2043 1751 2096 Megara
1778 2047 2061 2091 concesserant,
2098 2045 2237 2095 quibus
2263 2055 2355 2085 con·

82 2111 183 2160 tigit,
208 2110 255 2147 ut
280 2118 331 2147 ex
354 2108 450 2147 urbe
476 2107 693 2153 evaderent,
726 2107 800 2147 vid.
826 2107 1006 2157 Xenoph.
1032 2107 1080 2147 R.
1108 2106 1153 2147 G.
1180 2107 1226 2153 ΙΙ,
1253 2107 1292 2152 4,
1323 2107 1357 2145 Ι.
1419 2107 1561 2147 Thebis
1593 2118 1682 2147 cum
1715 2109 1847 2158 paucis
1872 2109 2068 2158 profectus
2095 2108 2355 2158 Thrasybulus

83 2173 244 2223 Phylam
270 2171 477 2221 occupavit,
504 2171 558 2211 ita
584 2170 817 2221 Xenophon,
843 2170 1038 2210 Diodorus
1065 2171 1105 2209 et
1131 2170 1358 2219 quicunque·
1376 2168 1475 2210 hanc
1500 2181 1584 2210 rem
1610 2170 1814 2220 attingunt.
1866 2170 1927 2211 De
1951 2179 2115 2211 numero
2141 2172 2353 2211 amicorum

83 2239 122 2275 et
147 2233 354 2279 sociorum,
377 2244 475 2282 quos
501 2243 635 2272 secum
661 2233 806 2278 habuit,
842 2233 1036 2272 dissensus
1063 2234 1123 2270 est
1148 2232 1393 2282 scriptorum,
1420 2233 1505 2282 plus
1532 2233 1816 2282 quinquaginta,
1844 2233 1910 2283 qui
1935 2233 2151 2278 minimum,
2176 2232 2353 2278 afferunt,

82 2298 259 2348 pier-ique
284 2289 374 2334 cum
399 2294 661 2345 Xenophonte
688 2296 941 2345 septuaginta,
966 2306 1001 2334 v.
1026 2294 1210 2344 Nipperd.
1235 2297 1367 2333 annot.
1393 2294 1603 2335 Castellum
1628 2295 1850 2345 Xenophon
1876 2296 1969 2334 dicit
1993 2296 2197 2340 munitum,
2222 2294 2353 2344 Nepos

84 2371 171 2400 cum
197 2356 372 2398 Diodoro
397 2357 705 2398 munitissimum.
769 2357 843 2398 Ubi
868 2358 1023 2397 nuntius
1057 2357 1107 2397 de
1132 2356 1253 2407 Phyla
1288 2359 1473 2406 occupata
1500 2357 1671 2397 Athenas
1702 2357 1874 2408 perlatus
1901 2360 1972 2404 est,
2006 2357 2209 2398 confestim
2234 2356 2352 2397 XXX

82 2421 236 2471 tyranni
262 2421 410 2458 exeunt
430 2419 666 2469 Phylamque
691 2421 934 2470 oppugnant:
969 2419 1099 2458 multis
1125 2419 1252 2468 primo
1279 2419 1425 2467 impetu
1450 2420 1600 2458 amissis
1626 2430 1714 2458 cum
1741 2420 1940 2459 obsidione
1972 2418 2171 2459 castellum
2197 2419 2353 2469 cingere

84 2484 340 2527 instituerent,
365 2481 523 2527 nivium,
555 2493 654 2531 quae
679 2483 857 2533 proxima
885 2483 999 2521 nocte
1023 2481 1222 2528 cadebant,
1266 2481 1511 2520 multitudine
1544 2482 1585 2520 in
1614 2482 1753 2522 urbem
1802 2482 1932 2522 redire
1945 2481 2081 2522 coacti
2115 2483 2217 2521 sunt.
2272 2480 2352 2522 Gur

83 2548 190 2587 nives
216 2546 366 2584 tantum
400 2543 628 2585 valuerunt?
681 2545 833 2586 Scilicet
859 2555 948 2585 cum
970 2544 1035 2583 ilio
1061 2545 1204 2584 nuncio
1231 2544 1416 2590 exierant,
1443 2546 1488 2583 ut
1513 2547 1622 2584 erant
1648 2545 1828 2595 expediti,
1853 2544 1949 2586 nihii
1975 2546 2020 2584 ut
2046 2543 2244 2590 haberent,
2272 2554 2350 2593 quo

82 2620 125 2648 se
151 2620 175 2648 a
202 2607 353 2647 nivibus
379 2605 639 2645 defenderent.
701 2607 996 2647 Manifestus
1023 2606 1178 2656 igitur
1204 2617 1340 2646 error
1366 2607 1413 2645 in
1448 2616 1504 2644 eo
1532 2608 1624 2652 est,
1658 2606 1783 2656 quod
1817 2608 1966 2657 primo
1992 2606 2348 2656 Thrasybulum

84 2670 416 2720 contemptum
442 2668 541 2708 volt
566 2678 675 2708 esse
708 2680 731 2710 a
757 2669 883 2711 XXX
915 2669 1152 2721 tyrannis.
1213 2668 1291 2718 Qui
1326 2679 1561 2720 quamquam
1593 2668 1792 2710 redierunt
1825 2669 1916 2720 ipsi,
1953 2668 2187 2720 praesidium
2220 2670 2349 2709 tamen

82 2742 205 2784 prope
238 2731 400 2782 Phylam
433 2731 726 2770 constituerunt.
785 2732 830 2772 ld
861 2732 1122 2783 Thrasybulus
1157 2733 1355 2783 opprimit,
1393 2733 1435 2772 in
1467 2731 1602 2782 fugum
1634 2732 1711 2771 dat.
1761 2732 1870 2773 Licet
1902 2732 2055 2778 mirari,
2093 2730 2198 2781 quod
2229 2731 2349 2772 haec

83 2795 224 2849 planJe
262 2794 554 2845 neglexerit
589 2793 872 2841 Cornelius:
909 2799 1043 2836 nactus
1077 2795 1181 2835 erum
1216 2797 1460 2836 occasionem
1493 2797 1598 2834 esset
1624 2795 1853 2846 prudentiae
1885 2794 2113 2845 Thrasybuli
2143 2794 2348 2835 tollendae.

82 2861 232 2900 Deinde
258 2868 358 2909 quae
384 2860 496 2908 gesta
518 2859 622 2903 sunt,
657 2859 728 2896 etsi
754 2859 795 2898 in
818 2869 957 2910 magna
976 2858 1247 2909 Xenophontis
1279 2860 1465 2898 brevitate
1493 2858 1605 2908 plane
1632 2858 1828 2898 evidenter
1850 2858 1979 2898 omnia
2004 2857 2148 2908 exponi
2173 2867 2251 2897 non
2274 2868 2347 2909 po-

80 2926 227 2968 terunt,
247 2922 433 2971 judicium
451 2924 583 2960 tamen
600 2920 654 2959 de
668 2920 861 2970 plerisque
882 2923 971 2961 satis
991 2922 1192 2962 constabit.
1252 2921 1377 2961 Noctu
1392 2921 1670 2970 Thrasybulum
1691 2923 1731 2961 in
1738 2923 1947 2961 Piraeeum
1964 2921 2114 2960 venisse
2127 2920 2347 2971 Xenopbon

81 2986 212 3033 refert,
239 2983 433 3026 Diodorus
458 2983 664 3036 perspicue
688 2981 806 3031 addit,
831 2987 1055 3036 occupatam
1078 2986 1195 3027 etiam
1222 2996 1308 3026 esse
1320 2983 1580 3036 Mimychiam,
1605 2985 1744 3027 collem
1761 2985 1958 3027 desertum
1976 2986 2016 3025 et
2037 2983 2205 3025 firmum.
2244 2982 2346 3024 Gon*-
