2561 3333
1259 119 1317 163 10

149 236 255 275 enim
276 234 373 274 haec
390 232 491 271 fere:
517 230 725 280 postquam
750 231 790 269 in
815 229 951 269 urbem
978 229 1155 276 redistis,
1178 231 1335 281 jurastis
1360 229 1585 280 injuriarum
1610 238 1678 268 vos
1705 229 1953 270 immemores
1979 231 2141 274 munros.
2196 231 2419 285 Sequuntur

144 299 228 348 jam
255 309 320 342 ea,
347 306 446 345 quae
472 292 521 332 de
544 304 589 332 re
615 293 765 343 publica
790 294 880 331 sunt
907 291 1076 332 decreta.
1128 296 1180 333 At
1206 295 1259 332 illi
1286 293 1442 342 quidem
1475 293 1662 332 dissensui
1689 304 1769 331 non
1795 295 1848 332 ita
1873 294 2038 334 multum
2073 298 2319 336 tribuendum
2345 302 2418 336 est.

145 360 284 412 Neque
310 357 413 399 enim
439 354 658 396 Andocides
686 352 725 393 id
749 353 830 405 agit
855 363 904 394 eo
933 353 1041 403 loco,
1068 356 1113 396 ut
1135 354 1303 407 singulas
1344 366 1427 401 res,
1480 354 1805 406 quemadmodum
1853 356 1931 397 sint
1955 359 2108 407 gestae,
2158 360 2310 405 afferat,
2348 360 2418 400 sed

147 436 196 465 ea
221 421 487 475 persequitur,
515 428 612 470 quae
637 416 687 456 ad
707 426 793 456 rem
818 417 1013 469 publicam
1031 418 1335 460 constituendam
1361 417 1543 469 legesque
1569 412 1765 467 ferendas,
1792 416 1999 471 postquam
2021 420 2061 462 in
2085 420 2225 464 urbem
2249 422 2418 465 reditum

146 490 172 527 i.
192 500 226 527 e.
252 487 459 536 postquam
484 494 557 532 pax
583 480 681 519 facta
707 483 786 525 est,
812 480 862 519 ab
889 482 1190 521 Atheniensibus
1214 482 1385 519 instituta
1408 485 1510 519 sunt.

274 547 336 587 De
364 548 518 586 auctore
541 541 803 582 nobilissimae
829 543 926 595 legis
951 544 1046 584 nihil
1072 547 1132 584 est
1159 542 1258 593 apud
1283 542 1604 593 Xenophontem,
1631 554 1720 583 cum
1746 543 1895 594 Nepote
1922 543 2012 585 facit
2044 545 2129 586 Val.
2155 546 2259 587 Max.
2287 548 2353 594 IV,
2382 548 2417 588 1.

147 616 271 652 exter.
298 612 357 657 4.,
382 606 594 647 Archinum
630 605 800 656 appellat
833 606 1027 647 Plutarch.
1054 606 1104 646 de
1129 606 1224 655 glor.
1250 605 1340 645 Ath.
1367 615 1400 644 c.
1426 605 1469 650 33
1495 605 1706 645 Aeschines
1732 606 1782 646 de
1807 606 1889 646 fals.
1916 606 1990 657 leg.
2008 604 2041 652 's
2070 608 2146 649 176
2171 609 2301 656 Beklr„
2318 620 2418 650 cum

144 675 338 716 Archinus
364 673 403 710 et
429 668 691 719 Thrasybulus
718 672 944 719 praeessent
969 670 1130 720 populo,
1156 668 1271 708 latam
1296 668 1422 718 legem
1448 668 1591 707 scribit.
1643 668 1730 707 Hoc
1754 671 1885 708 autem
1910 670 1977 709 uni
2005 670 2218 712 debebatur
2234 672 2417 718 Archino,

145 738 250 786 quod
268 737 352 783 lege
377 734 454 771 lata
480 742 708 771 concessum
737 734 817 776 est,
843 734 898 776 ut,
925 733 992 779 qui
1019 733 1120 768 esset
1145 730 1267 768 factus
1292 742 1404 774 reus,
1430 733 1637 768 testaretur
1661 732 1751 767 ante
1778 732 1899 778 ipsam
1925 743 2008 769 rem
2029 734 2238 815 agendam,
2264 745 2417 773 accusa·

145 800 290 840 tionem
315 804 491 846 pugnare
518 804 609 834 cum
635 792 848 839 oblivione,
879 791 927 832 cf.
953 790 1087 831 Meier.
1115 792 1155 830 et
1181 789 1359 831 Schoem.
1386 790 1435 831 de
1457 791 1539 841 jud.
1566 792 1655 832 Ath.
1681 804 1720 841 p.
1747 791 1836 831 647.

268 857 447 897 Praemia
472 856 682 895 victoribus
706 855 791 894 data
817 864 918 893 unus
939 852 1049 892 affert
1073 853 1283 893 Aeschines
1310 855 1445 894 contra
1472 852 1643 906 Ctesiph.
1680 857 1704 901 S
1725 852 1798 896 187
1825 853 1967 901 Bekis-3
2005 855 2149 897 cunctis
2180 855 2287 900 datas
2312 858 2417 900 mille

141 922 363 964 drachmas,
391 930 556 958 coronas
585 930 635 957 ex
661 918 781 956 olivae
807 917 920 955 ramis
945 916 1064 954 factas
1091 916 1261 965 singulis.

269 981 384 1022 Multi
428 981 469 1021 in
516 979 574 1019 his
618 988 775 1028 quoque
817 986 969 1016 errores
1014 976 1117 1027 apud
1160 976 1352 1028 Nepotem
1394 979 1496 1018 sunt.
1573 977 1618 1017 In
1662 977 1730 1023 iis,
1774 977 1840 1027 qui
1874 988 1970 1027 pace
1995 989 2076 1018 non
2110 981 2416 1028 continebantur,

139 1057 218 1086 non
275 1044 389 1083 affert
431 1053 516 1087 eos,
576 1041 644 1091 qui
686 1040 774 1089 post
824 1038 929 1088 ipsos
987 1039 1143 1090 triginta
1211 1039 1380 1078 maxime
1433 1039 1543 1079 invisi
1587 1039 1741 1079 merant
1754 1066 1766 1086 ,
1839 1040 2121 1083 undecimviros
2179 1044 2220 1083 et
2264 1043 2415 1086 Piraeei

136 1108 377 1160 praefectos,
421 1105 532 1145 affert
585 1115 671 1149 eos,
725 1113 893 1152 quorum
936 1104 1008 1142 etsi
1044 1115 1124 1143 non
1168 1105 1295 1153 grata,
1346 1104 1500 1143 brevior
1549 1106 1681 1143 tamen
1724 1104 1850 1142 fuerat
1889 1105 2122 1151 dominatio,
2180 1117 2295 1155 quam
2339 1119 2416 1157 qua

137 1181 334 1212 summum
362 1168 597 1209 conflaretur
622 1164 766 1205 odium.
802 1164 903 1205 Tum
930 1165 961 1205 si
988 1176 1067 1206 non
1094 1165 1210 1212 sals0,
1238 1168 1343 1206 certe
1369 1166 1556 1206 inutiliter
1583 1166 1700 1212 addit,
1728 1165 1830 1206 bona
1857 1166 2070 1216 ejectoriun
2098 1168 2289 1218 publicata
2315 1181 2413 1217 esse,

139 1235 319 1274 exsilium
346 1232 450 1271 enim
476 1240 556 1268 non
583 1230 666 1267 erat
692 1228 776 1267 sine
802 1228 994 1267 bonorum
1028 1229 1306 1278 publicatione,
1341 1229 1389 1268 cf.
1415 1229 1552 1268 Meier.
1580 1229 1629 1268 de
1655 1229 1745 1268 bon.
1779 1228 1906 1268 damn.
1933 1239 1972 1279 p.
1994 1228 2061 1270 98.
2113 1230 2237 1270 Porro
2262 1233 2320 1271 rei
2344 1243 2415 1282 pu·

136 1298 263 1337 blicae
287 1292 598 1344 procurationem
638 1289 830 1329 redditam
864 1290 1010 1341 populo
1051 1302 1131 1330 non
1168 1293 1333 1330 testatur
1367 1291 1610 1341 Xenophon,
1649 1301 1721 1330 suo
1755 1290 1865 1340 jure,
1899 1293 1943 1330 ut
1969 1291 2134 1331 videtur.
2186 1292 2414 1334 Pausaniam

137 1360 279 1399 scimus
305 1356 412 1406 pacis
446 1353 564 1393 fuisse
600 1352 908 1399 conciliatorem,
943 1364 1071 1403 quem,
1102 1355 1147 1392 ut
1171 1352 1537 1400 Lacedaemonium,
1563 1354 1627 1392 vix
1650 1353 1835 1392 credibile
1853 1355 1912 1392 est
1938 1354 1978 1392 in
1994 1354 2099 1404 pacis
2126 1355 2414 1396 condicionibus

135 1422 213 1461 hoc
240 1419 429 1463 edixisse,
456 1418 501 1455 ut
526 1415 715 1466 populare
738 1415 945 1465 imperium
969 1416 1257 1461 restitueretur;
1285 1415 1401 1465 idque
1428 1427 1476 1455 eo
1503 1416 1631 1455 minus
1656 1426 1816 1456 necesse
1842 1417 1937 1462 erat,
1965 1427 2043 1466 quo
2069 1417 2191 1467 magis
2217 1419 2415 1460 constabat

135 1485 241 1529 fore,
265 1485 310 1522 ut
334 1493 357 1521 a
382 1479 558 1531 populari
584 1480 696 1529 parte
721 1478 866 1518 victrici
892 1478 1080 1529 populare
1105 1479 1375 1518 restitueretur
1400 1480 1615 1529 imperium.
1668 1478 1819 1518 Deinde
1857 1479 2058 1519 oblivionis
2091 1481 2299 1520 auctoritas
2334 1494 2415 1522 non

135 1547 229 1587 satis
251 1546 356 1585 certo
380 1542 430 1582 ad
456 1552 578 1582 unum
604 1541 887 1591 Thrasybulum
913 1541 1093 1581 refertur.
1147 1541 1246 1581 Tum
1272 1542 1312 1581 in
1336 1541 1522 1592 proximis
1550 1541 1615 1580 vix
1648 1543 1798 1581 rectum
1827 1543 1906 1588 est,
1946 1542 2052 1592 quod
2089 1542 2240 1592 publice
2274 1543 2415 1584 dicitur

134 1609 229 1647 Thr.
256 1606 518 1657 prohibuisse,
544 1614 596 1643 ne
620 1604 749 1653 legem
774 1603 878 1642 illam
906 1604 1129 1653 migrarent.
1179 1604 1337 1642 Publice
1363 1605 1467 1643 enim
1491 1614 1564 1642 nec
1587 1604 1706 1642 vetari
1733 1604 1942 1653 quidquam
1977 1615 2052 1643 nec
2081 1605 2211 1653 juberi
2248 1608 2413 1655 poterat,

135 1671 208 1712 nisi
232 1670 331 1721 lege.
396 1666 514 1717 Atqui
541 1665 629 1713 lex,
671 1676 770 1716 quae
796 1665 836 1706 id
863 1668 1033 1713 caveret,
1068 1665 1230 1706 Archini
1270 1668 1375 1713 erat,
1409 1677 1488 1706 non
1524 1666 1764 1718 Thrasybuli.
1831 1666 1964 1707 Fuisse
1988 1669 2119 1706 autem
2146 1668 2319 1715 exsules,
2346 1670 2413 1719 qui

135 1733 443 1772 adversariorum
468 1729 626 1768 caedem
669 1729 796 1768 facere
831 1729 991 1774 vellent,
1037 1729 1108 1768 etsi
1135 1729 1225 1767 alibi
1264 1739 1344 1768 non
1368 1729 1552 1779 legimus,
1597 1740 1619 1768 a
1644 1740 1688 1768 re
1713 1732 1845 1769 tamen
1870 1740 1950 1769 non
1976 1729 2172 1769 abhorret.
2233 1730 2413 1782 Denique

135 1807 278 1835 corona
304 1805 426 1834 unum
453 1792 735 1842 Thrasybulum
759 1791 878 1831 tradit
920 1791 1125 1838 donatum,
1167 1803 1283 1841 quam
1321 1793 1464 1832 scimus
1506 1803 1596 1832 cum
1630 1793 1809 1832 omnibus
1846 1792 2043 1832 exsulibus
2078 1794 2411 1840 communicatam,

137 1858 396 1909 pecuniaeque
423 1855 535 1895 datae
561 1854 706 1895 nullam
733 1854 891 1894 omnino
917 1853 1006 1894 facit
1031 1855 1282 1894 mentionem.

264 1920 369 1959 Haec
394 1918 619 1963 habuimus,
659 1927 759 1967 quae
784 1917 826 1956 in
858 1916 1017 1966 Nepotis
1050 1918 1271 1957 narratione
1313 1928 1447 1957 earum
1485 1928 1636 1964 rerum,
1675 1928 1774 1967 quae
1813 1916 1862 1956 ad
1897 1918 2060 1968 patriam
2096 1916 2214 1957 XXX
2239 1919 2410 1968 tyrannis

132 1981 371 2022 liberandam
397 1982 531 2029 gestae
557 1981 665 2024 sunt,
693 1979 894 2027 conjuncte
919 1982 1162 2025 notaremus;
1188 1982 1329 2026 restat,
1365 1983 1410 2018 ut
1435 1980 1528 2019 alias
1554 1990 1617 2018 res
1650 1990 1949 2029 persequamur,
1986 1989 2086 2028 quae
2112 1980 2244 2018 insunt
2270 1980 2312 2018 in
2339 1980 2412 2019 hac
2435 2003 2439 2008 ·

132 2046 244 2096 parte
271 2043 371 2082 vitae
396 2041 639 2092 Thrasybuli.
692 2040 779 2080 Non
803 2052 1002 2080 moramur
1033 2040 1152 2081 XXX
1181 2044 1366 2092 tyrannos
1392 2053 1415 2081 a
1441 2041 1754 2081 Lacedaemoniis
1789 2042 2048 2092 praepositos,
2084 2041 2318 2091 damusque,
2345 2042 2412 2091 qui

134 2108 356 2147 universam
379 2116 463 2145 rem
488 2105 658 2145 breviter
684 2104 779 2144 velit
803 2104 1040 2155 significare,
1065 2114 1183 2154 posse
1208 2104 1264 2144 sic
1289 2105 1470 2145 scribere.
1523 2103 1600 2145 Sed
1625 2105 1731 2155 quod
1757 2105 1929 2155 subjicit,
1966 2104 2153 2155 plurimos
2180 2104 2300 2151 cives,
2328 2105 2412 2154 qui·

133 2172 207 2210 bus
234 2170 275 2208 in
299 2168 403 2207 bello
421 2169 573 2208 fortuma
595 2167 853 2218 pepercisset,
879 2168 1020 2218 partim
1037 2167 1162 2218 patria
1189 2167 1320 2217 pulsos
1338 2178 1434 2215 esse,
1460 2168 1599 2219 partim
1617 2167 1859 2208 interfectos.
1883 2167 1923 2207 id
1948 2166 2105 2217 quidem
2131 2167 2412 2217 ineptissimum

132 2235 212 2277 est;
239 2241 399 2279 nempe,
424 2231 561 2279 quibus
585 2230 626 2269 in
652 2230 755 2269 bello
787 2240 868 2269 non
900 2232 1129 2280 pepercerat
1172 2230 1342 2276 fortuna,
1368 2242 1442 2269 nec
1468 2231 1608 2280 expelli
1645 2232 1845 2280 poterant,
1882 2240 1956 2269 nec
1981 2229 2160 2268 interfici.
2210 2229 2283 2267 Est
2308 2229 2411 2279 apud

132 2293 370 2337 Diodorum,
396 2292 437 2330 ni
462 2291 648 2337 fallimur,
675 2291 782 2331 brevi
807 2290 964 2341 triginta'
988 2293 1242 2341 tyrannorum
1281 2292 1436 2330 saevitia
1461 2292 1591 2342 plures
1623 2292 1723 2331 cives
1757 2291 1977 2331 interfectos
2013 2301 2123 2337 esse,
2159 2301 2274 2340 quam
2308 2291 2410 2330 bello

132 2353 462 2404 Peloponnesiaco
479 2353 722 2403 longissimo;
749 2364 867 2402 quam
891 2363 981 2392 vere
1006 2353 1176 2398 dicatur,
1195 2363 1298 2392 nunc
1322 2363 1402 2391 non
1423 2354 1662 2402 quaerimus,
1679 2352 1748 2392 sed
1756 2353 1940 2403 suspicari
1959 2353 2050 2392 licet
2067 2352 2143 2392 hoc
2167 2352 2409 2392 obversatum

133 2416 296 2467 Nepotis
320 2415 451 2455 animo
477 2425 581 2461 esse,
609 2426 695 2455 cum
721 2415 818 2455 illud
844 2416 1081 2465 ineptissime
1102 2415 1302 2455 scriberet.
1346 2415 1580 2454 Parserat
1598 2426 1686 2454 cum
1702 2415 1840 2455 Plauto
1869 2418 1911 2455 et
1935 2416 2119 2455 Terentio
2146 2415 2251 2453 dicit.
2303 2415 2409 2454 Bona

132 2479 328 2531 publicata
350 2487 430 2516 non
457 2477 584 2515 omnia
611 2478 711 2517 inter
735 2488 779 2518 se
802 2478 876 2529 ipsi
903 2477 1112 2518 divisenmt
1162 2477 1335 2529 triginta,
1369 2476 1439 2517 sed
1465 2487 1555 2518 cum
1581 2477 1711 2518 amicis
1745 2477 1862 2518 etiam
1896 2476 2240 2519 communicarunt.
2291 2475 2344 2518 Pl
2357 2488 2409 2518 u·

132 2543 266 2588 rimi,
293 2552 459 2590 quorum
482 2539 584 2579 bona
614 2541 732 2580 divisa
759 2542 959 2587 dicuntur,
996 2542 1059 2580 alii
1084 2542 1280 2581 debebunt
1304 2541 1425 2580 videri
1452 2544 1568 2590 atque
1594 2541 1647 2579 illi
1673 2542 1852 2591 plurimi,
1887 2543 1953 2591 qui
1987 2541 2098 2591 ejecti
2125 2543 2193 2588 aut
2217 2541 2407 2581 interfecti

133 2607 265 2651 erant;
292 2604 490 2653 ejecerunt
513 2603 645 2641 autem
659 2603 814 2654 triginta
838 2604 991 2659 tyranni
1010 2603 1070 2643 vel
1096 2604 1389 2650 interfecerunt,
1415 2606 1460 2643 ut
1485 2603 1587 2643 bona
1605 2606 1796 2654 raperent.
1848 2604 2109 2654 Thrasybulus
2135 2603 2195 2643 his
2221 2604 2247 2642 b
2261 2604 2407 2644 ellum

132 2668 339 2724 indilxit3
367 2666 457 2716 quia
483 2664 532 2703 de
556 2664 751 2705 fecialibus
778 2668 947 2718 cogitare
972 2677 1054 2708 non
1079 2667 1187 2714 licet,
1214 2668 1445 2718 interpretes
1472 2665 1634 2705 docent:
1687 2667 1846 2706 animo
1871 2666 2016 2707 bellum
2042 2666 2240 2706 indixisse.
2277 2664 2405 2715 Quam

131 2728 313 2783 pulchre!
366 2731 496 2778 Atque
536 2727 611 2766 hoc
639 2728 784 2768 bellum
820 2740 915 2770 non
956 2731 1116 2770 solum
1151 2730 1398 2781 princeps,
1437 2728 1522 2770 sed
1561 2729 1709 2769 etiam
1747 2730 1886 2770 solus
1925 2729 2068 2769 initio
2108 2727 2258 2768 indixit.
2308 2728 2407 2771 Fere

132 2796 373 2834 inventorem
399 2791 459 2830 vel
485 2793 684 2830 auctorem
707 2792 765 2830 rei
794 2794 960 2841 primum
988 2805 1075 2833 eam
1100 2793 1237 2832 fecisse
1272 2793 1453 2838 dicimus,
1480 2793 1570 2830 licet
1595 2792 1736 2831 multos
1761 2793 1820 2831 rei
1845 2792 1970 2831 socios
1996 2791 2194 2836 habuerit,
2221 2792 2276 2831 sic
2302 2791 2406 2834 Han·

131 2856 300 2898 nibalem
349 2854 468 2904 Alpes
511 2853 682 2904 primum
708 2864 928 2904 superasse,
979 2858 1033 2897 sic
1058 2856 1259 2897 Horatius:
1297 2856 1350 2896 illi
1383 2856 1504 2896 robur
1556 2855 1654 2894 circa
1685 2857 1820 2905 pectus
1854 2858 1958 2901 erat,
2011 2854 2077 2904 qui
2113 2856 2235 2893 ratem
2269 2855 2405 2905 pelago

131 2919 325 2959 commisit
350 2918 511 2966 primus.
563 2918 616 2955 At
641 2916 673 2954 si
698 2917 913 2966 urgendum
940 2921 999 2957 est
1022 2918 1249 2958 vocabulum
1275 2918 1481 2969 primus,
1507 2927 1622 2956 nemo
1647 2918 1794 2967 primus
1821 2914 1915 2967 quid
1942 2916 2040 2968 agit,
2066 2915 2140 2956 nisi
2163 2916 2287 2963 solus,
2315 2926 2405 2956 nam

132 2983 197 3032 qui
224 2979 415 3021 secundus
441 2982 519 3025 est,
546 2981 636 3029 post
663 2989 753 3018 eum
779 2982 858 3025 est,
884 2981 964 3020 sive
990 2991 1128 3032 magno
1156 2982 1357 3032 proximus
1389 2983 1450 3021 est
1475 2979 1692 3028 intervallo,
1732 2981 1811 3020 sive
1837 2990 1967 3031 parvo.
2037 2979 2154 3030 Atqui
2188 2977 2405 3030 urgendum
