2679 3283
1328 65 1355 107 7

217 195 260 224 se
287 183 500 224 contulerat
525 178 754 219 Phocaeam.
805 178 894 218 Jam
919 177 1154 224 Alcibiades,
1185 181 1388 229 postquam
1413 177 1462 218 ab
1488 177 1584 218 irato
1611 177 1753 229 populo
1781 178 1987 229 imperium
2013 180 2049 220 ei
2075 178 2298 230 ademptum
2325 186 2401 227 est,
2435 183 2477 222 in

216 248 419 287 Thraciam
444 254 487 283 se
513 244 669 293 recepit.
720 243 954 281 Innumero
982 252 1118 280 eorum
1144 240 1304 287 ducum,
1339 242 1403 291 qui
1431 244 1520 291 post
1550 242 1786 282 Alcibiadem
1829 245 2022 283 remotum
2056 246 2255 291 creantur,
2291 243 2476 295 Thrasyb.

215 322 295 352 non
320 311 391 354 est,
417 306 492 346 vid.
517 305 697 355 Xenoph.
724 304 770 344 R.
789 303 838 345 G,
851 304 880 352 Ι,
908 303 945 351 6,
975 302 1035 350 16,
1062 315 1134 344 nec
1159 303 1208 344 ad
1223 304 1451 354 Arginussas
1478 308 1545 344 aut
1570 305 1619 344 ad
1636 308 1764 356 Aegos
1791 306 1935 346 flumen
1952 311 2287 347 commemoratur.
2331 307 2477 346 Licebit

216 374 333 423 igitur
368 369 535 419 quodam
565 369 654 418 iure
690 369 882 413 statuere,
926 366 1132 406 Alcibiadis
1175 367 1314 406 invidia
1350 377 1576 416 oppressum
1611 369 1726 407 etiam
1743 369 2043 419 'Thrasybulum
2080 381 2175 409 esse.
2249 369 2338 411 Noli
2373 370 2476 409 enim

216 433 514 483 Thrasybulum,
559 431 765 470 Thrasonis
800 430 940 476 filium,
982 428 1187 469 Alcibiadis
1232 429 1506 477 adversarium,
1548 430 1596 470 de
1628 441 1705 480 quo
1741 435 1799 470 est
1831 432 1934 481 apud
1959 432 2059 471 Plut.
2086 433 2207 471 Alcib.
2234 445 2267 472 c.
2296 433 2360 479 32,
2389 443 2476 471 cum

216 496 308 546 Lyci
334 496 414 535 filio
440 494 685 535 confundere.
745 493 852 533 Haec
878 492 1007 532 omnia
1034 491 1298 542 exposuimuS,
1330 494 1374 531 ut
1394 491 1579 542 judicium
1606 492 1655 532 de
1674 492 1831 543 Nepotis
1857 496 2074 534 narratione
2101 499 2303 535 constaret.
2356 495 2477 534 Thra-

216 558 374 608 sybulus
400 558 518 607 igitur
530 557 767 596 Alcibiadem
792 556 948 595 reduxit
973 555 1078 594 solus
1104 556 1187 594 sine
1200 555 1406 600 Alcibiade,
1432 565 1615 604 prospere
1633 557 1814 606 pugnavit
1838 557 1887 595 ad
1904 556 2138 607 Cynossema
2166 558 2251 597 sine
2267 558 2477 603 Alcibiade,

216 620 401 660 Thraciae
417 619 734 669 Hellespontique
760 618 874 657 urbes
900 618 1047 667 recepit
1072 617 1292 666 tributaque
1316 617 1443 666 exegit
1466 618 1551 656 sine
1569 619 1775 658 Alcibiade.
1827 618 1969 659 Contra
1995 631 2083 660 cum
2104 632 2167 660 res
2199 622 2241 660 in
2259 621 2478 660 discrimine

217 685 319 722 esset
357 681 407 722 ad
450 681 646 731 Abydum,
697 680 912 720 Alcibiades
951 680 1042 726 fuit,
1086 680 1152 729 qui
1187 679 1466 729 Thrasybulum
1509 679 1720 729 adjuvaret;
1767 681 1817 721 ad
1858 677 2037 731 Cyzicum
2084 695 2155 723 suo
2194 684 2356 723 consilio
2397 682 2479 721 Alc-

216 755 395 795 magnam
420 737 568 791 rettulit
592 744 807 788 victoriam,
836 742 939 781 idem
955 742 1191 792 Byzantium,
1226 743 1363 781 urbem
1388 743 1702 791 potentissimam,
1734 746 1817 784 sine
1844 744 2080 795 Thrasybulo
2107 748 2220 797 cepit.
2271 746 2330 786 Ne
2357 745 2479 785 Thra·

216 807 396 858 sybulum
422 807 579 857 quidem
605 807 732 856 ipsum
758 805 873 856 fugit,
909 807 1095 855 quantum
1119 805 1221 845 inter
1246 815 1288 844 se
1320 807 1361 844 et
1385 804 1619 845 Alcibiadem
1646 807 1866 855 interesset:
1904 808 2008 858 quod
2034 810 2107 848 nisi
2133 811 2184 849 ita
2211 810 2362 855 fuisset,
2396 820 2477 848 non

217 873 364 909 tantam
390 871 558 909 dedisset
584 879 761 918 operam,
796 871 840 907 ut
865 868 1102 907 Alcibiadem
1127 867 1341 907 reduceret.
1394 867 1646 908 Athenienses
1672 869 1765 920 quid
1792 873 1994 920 sentirent,
2033 883 2121 913 cum
2147 872 2362 914 Alcibiades
2389 883 2479 913 cum

218 934 456 984 Thrasybulo
485 936 524 973 et
550 933 793 973 Theramene
818 933 964 971 rediret
988 932 1169 977 Athenas,
1204 932 1295 970 satis
1322 931 1585 976 ostenderunt,
1620 933 1667 970 de
1694 944 1771 982 quo
1799 945 1834 971 v.
1860 936 1984 984 ipsum
2012 935 2130 975 Corn.
2163 937 2204 975 in
2228 936 2349 975 Alcib.
2375 946 2410 974 c.
2437 934 2475 974 6.

218 998 263 1037 In
288 997 420 1047 primis
453 998 535 1035 erat
567 996 657 1035 viris
691 994 926 1046 Alcibiades,
972 995 1082 1044 isque
1114 993 1243 1033 multis
1277 994 1318 1033 in
1351 994 1468 1033 rebus
1505 993 1718 1043 adjutorem
1752 996 1918 1035 habebat
1949 998 2249 1048 Thrasybulum,
2284 999 2351 1037 sed
2385 1008 2478 1036 eum

219 1060 453 1108 adJutorem‚
489 1059 554 1107 qui
590 1058 808 1107 Thrasyllo,
843 1057 1084 1097 Theramene
1120 1057 1203 1095 aliis
1235 1067 1314 1095 non
1346 1059 1450 1095 esset
1483 1056 1617 1106 maior.
1684 1056 1868 1098 Redimus
1901 1058 1951 1098 ad
1976 1058 2185 1110 Nepotem;
2226 1071 2325 1111 quae
2350 1061 2480 1111 priore

218 1121 395 1161 membro
427 1120 537 1168 dicit,
574 1120 699 1175 aliqua
735 1122 919 1169 exparte
952 1131 1042 1159 vera
1076 1121 1186 1165 sunt,
1220 1130 1318 1168 quae
1351 1119 1495 1165 altero,
1528 1120 1640 1169 plane
1673 1120 1783 1167 falsa,
1818 1124 1900 1160 tota
1933 1125 2066 1161 autem
2098 1124 2193 1163 haec
2214 1124 2349 1174 judicii
2381 1123 2481 1162 ratio

219 1184 395 1230 absurda,
419 1184 512 1233 *quia
539 1183 765 1233 Thrasybuli
792 1193 854 1222 res
882 1193 970 1222 cum
996 1181 1200 1222 Alcibiadis
1228 1181 1405 1221 contendi
1431 1185 1639 1231 nequeunt.

347 1246 581 1285 Indicabitur
606 1246 644 1284 h.
672 1246 697 1284 l.
723 1246 872 1291 statim,
909 1245 942 1284 si
970 1245 1054 1283 fieri
1080 1244 1221 1294 possit,
1273 1244 1429 1283 absurdi
1451 1243 1584 1294 judicii
1611 1244 1707 1283 fons.
1776 1243 1927 1285 Scilicet
1952 1245 2119 1296 scriptor
2146 1245 2346 1292 didicerat,
2390 1258 2481 1286 eon-

219 1309 335 1348 traria
362 1309 561 1349 contrariis
594 1308 852 1359 pulcherrime
866 1308 997 1358 ‘jungi
1051 1306 1173 1357 Supra
1199 1308 1395 1357 tetigimus
1422 1317 1445 1345 e
1472 1307 1782 1346 Timoleonte
1809 1308 1890 1347 illa:
1923 1310 2154 1358 patriam,
2183 1310 2228 1348 in
2260 1320 2349 1359 qua
2376 1312 2483 1348 erat

219 1374 374 1412 natus.
426 1372 566 1412 Postea
592 1372 645 1411 ibi
678 1363 898 1421 vSyracusae.
930 1371 1040 1410 erant
1075 1369 1454 1417 commemorandae,
1497 1370 1676 1418 quibus
1715 1371 1899 1409 auxilio
1938 1374 2039 1410 erat
2079 1372 2263 1410 missus.
2315 1371 2482 1410 Necesse

220 1436 338 1484 igitur
364 1434 546 1480 habebat,
586 1437 630 1473 ut
656 1435 763 1490 quas-i
789 1434 949 1473 verbum
974 1433 1092 1472 verbo
1121 1434 1419 1482 exaequaretur,
1460 1431 1603 1471 addere
1629 1432 1744 1471 etiam
1776 1433 1920 1482 patriae
1945 1433 2099 1483 aliquid.
2173 1434 2218 1473 In
2244 1433 2481 1483 Pelopida

220 1498 373 1537 scribit:
399 1508 593 1544 vereor,
619 1498 661 1536 si
686 1507 764 1535 res
791 1496 1033 1545 explicare
1059 1496 1305 1545 incipiam;
1351 1497 1440 1544 post
1465 1496 1701 1535 contrarium
1727 1496 1909 1534 infertur:
1936 1497 1973 1535 si
1999 1496 2330 1536 tantummodo
2356 1507 2480 1535 sum·

220 1571 315 1599 mas
342 1560 578 1610 attigero.
630 1559 839 1608 Incipiendi
865 1559 929 1598 vis·
953 1569 1032 1598 non
1066 1559 1262 1604 convenit;
1306 1557 1390 1597 ruse
1423 1558 1615 1607 explicare
1642 1561 1682 1597 et
1720 1569 1888 1597 summas
1923 1560 2109 1609 attingere
2151 1560 2339 1598 contraria
2380 1562 2482 1597 sunt.

219 1623 266 1662 In
290 1622 514 1662 Miltiade
539 1632 572 1661 c.
598 1622 636 1661 2.
663 1622 775 1661 finxit
800 1621 915 1660 haec:
942 1623 1111 1660 utnon
1137 1620 1289 1660 minus
1316 1631 1480 1660 eorum
1506 1620 1759 1660 voluntate
1793 1624 2034 1672 perpetuo
2069 1623 2326 1672 imperium
2353 1621 2480 1660 obti-

221 1687 382 1731 neret,
410 1685 490 1735 qui
517 1685 772 1731 miserant,
814 1696 952 1734 quam
978 1685 1195 1730 illorum,
1233 1696 1334 1723 cum
1379 1685 1556 1734 quibus
1598 1687 1705 1724 erat
1730 1685 2002 1735 profectus.
2063 1686 2168 1725 Haec
2193 1687 2226 1725 si
2252 1686 2300 1725 de
2326 1685 2479 1735 Cypseli

222 1749 302 1788 filio
329 1748 518 1794 dicuntur,
551 1747 644 1787 falsa
671 1751 771 1794 sunt,
807 1742 895 1797 q‘uia
922 1748 954 1786 is
980 1758 1059 1786 non
1084 1748 1223 1786 missus
1259 1749 1318 1786 est
1344 1748 1384 1786 in
1409 1746 1706 1794 Chersonesum,
1743 1749 1802 1787 sin
1829 1748 1878 1787 ad
1904 1748 2074 1789 Cimonis
2101 1748 2222 1787 filium
2247 1748 2479 1792 referuntur,

222 1813 316 1851 item
341 1811 445 1857 falsa,
479 1811 568 1860 quia
600 1821 673 1850 nec
698 1813 886 1860 perpetuo
920 1811 1126 1860 imperium
1153 1811 1350 1850 obtinebat
1374 1811 1415 1850 in
1441 1810 1705 1859 ChersoneSO,
1742 1821 1816 1851 nec
1842 1822 1978 1851 eorum
2003 1811 2214 1858 voluntate,
2254 1810 2356 1860 apud
2384 1821 2483 1859 quos

224 1875 327 1920 erat,
362 1874 432 1913 sed
457 1874 513 1919 vi;
554 1873 627 1912 vid.
653 1872 836 1923 Nipperd.
863 1875 1009 1912 annott.
1208 1872 1210 1874 ’

349 1937 457 1976 Illam
483 1936 709 1986 Thrasybuli
736 1946 825 1976 cum
850 1935 1047 1975 Alcibiade
1074 1936 1361 1976 contentionem
1393 1936 1586 1977 concludit
1611 1936 1691 1977 his:
1727 1947 1851 1987 quae
1883 1937 1972 1976 ille
2004 1937 2230 1976 universa
2264 1935 2481 1976 naturali

225 2000 430 2049 quodam
457 2000 581 2038 bono
607 1999 728 2038 fecit
753 1999 893 2037 lucri.
946 1998 1058 2047 Quae
1084 2002 1173 2038 sunt
1199 2000 1402 2039 universa?
1428 1999 1515 2039 Non
1542 2000 1667 2038 solum
1693 2010 1751 2044 ea,
1779 2010 1876 2048 quae
1903 2000 1984 2048 ipse
2009 2009 2097 2037 cum
2123 1998 2376 2048 Thrasybulo,
2412 1997 2481 2035 sed

225 2062 288 2101 illa
314 2063 442 2108 etiam,
469 2072 569 2110 quae
595 2061 698 2100 solus
725 2062 896 2110 gesserat
921 2060 1207 2111 Thrasybulus?
1234 2061 1340 2101 Haec
1366 2064 1425 2101 est
1450 2063 1616 2101 maxima
1644 2062 1843 2102 calumnia.
1894 2061 1980 2100 Non
2006 2061 2077 2099 fuit
2102 2061 2133 2099 is
2160 2060 2387 2104 Alcibiades,
2415 2060 2481 2107 qui

223 2124 389 2163 aliorum
415 2134 501 2162 sese
526 2124 668 2173 plumis
694 2126 869 2169 ornaret;
897 2126 1052 2162 centum
1078 2123 1296 2173 chlamydes
1322 2126 1478 2174 rogatus
1504 2125 1631 2174 potuit
1656 2125 1738 2173 ipse
1756 2123 1846 2161 dare
1863 2123 1978 2161 mille.
2029 2122 2130 2161 Tum
2146 2120 2317 2162 naturale
2336 2121 2483 2160 bonum

226 2186 387 2226 obscure
413 2185 518 2225 dicis.
564 2184 793 2225 'Oratorem
820 2187 974 2235 oportet
998 2186 1118 2225 multa
1151 2198 1174 2225 a
1199 2189 1335 2226 natura
1362 2186 1526 2226 habere:
1566 2188 1717 2236 linguae
1751 2186 1992 2231 solutionem,
2026 2186 2130 2224 vocis
2167 2194 2316 2229 sonum,
2350 2184 2481 2229 latera,

225 2250 338 2295 vires,
365 2248 708 2288 conformationem
742 2247 933 2298 quandam
968 2250 1008 2288 et
1046 2248 1209 2299 figuram
1236 2250 1354 2289 totius
1382 2250 1459 2289 oris
1493 2251 1533 2288 et
1564 2249 1757 2304 corporis;
1814 2259 1911 2297 quae
1946 2250 2037 2287 sunt
2071 2247 2266 2288 Ciceronis
2294 2246 2344 2285 de
2371 2245 2480 2285 Orat.

229 2311 248 2348 1
279 2315 302 2355 s
332 2311 428 2357 1143
456 2311 561 2349 brevi
587 2313 675 2360 post
701 2314 724 2356 s
755 2310 827 2349 117
854 2311 959 2350 idem
984 2312 1134 2350 scribit:
1160 2311 1295 2362 Neque
1320 2312 1415 2352 haec
1439 2313 1479 2351 in
1505 2322 1590 2351 eam
1616 2311 1844 2351 sententiam
1871 2310 2039 2362 disputo,
2064 2313 2107 2351 ut
2131 2308 2308 2349 homines
2333 2308 2482 2349 adoles·

228 2375 369 2420 centes,
396 2374 428 2414 si
447 2373 539 2424 quid
564 2373 791 2414 naturale
817 2373 916 2413 forte
941 2385 1021 2413 non
1047 2375 1223 2421 habeant,
1250 2376 1406 2414 omnino
1430 2387 1453 2414 a
1471 2376 1620 2415 dicendi
1643 2376 1771 2414 studio
1790 2376 2019 2414 deterream.
2067 2373 2136 2412 Illa
2163 2373 2279 2423 igitur
2295 2373 2480 2412 naturalia

227 2438 318 2474 sunt
342 2436 443 2476 bona
469 2437 645 2476 oratoris.
706 2436 820 2487 Apud
847 2436 1013 2476 eundem
1046 2437 1088 2476 in
1113 2435 1313 2477 Caelianae
1361 2441 1385 2482 ς
1415 2437 1459 2476 11
1489 2438 1697 2477 domestica
1732 2439 1929 2487 disciplina
1957 2442 1997 2477 et
2019 2436 2235 2475 naturali
2275 2436 2478 2484 quodam

228 2497 353 2536 bono
379 2500 518 2538 dicimr
543 2498 694 2537 defendi
720 2509 835 2548 posse
861 2510 1014 2537 morum
1041 2499 1278 2549 corruptela;
1315 2500 1550 2550 significatur
1582 2501 1698 2552 igitur
1722 2503 1858 2541 natura
1893 2501 2004 2542 insita
2030 2499 2232 2539 honestas:
2271 2498 2339 2539 das
2365 2508 2479 2548 ange·

229 2558 350 2601 borne
375 2561 540 2602 sittliche
566 2560 718 2603 Gefuhl.
778 2562 839 2601 Tu
864 2564 993 2601 autem
1019 2562 1157 2601 videris
1182 2563 1355 2602 naturale
1386 2564 1532 2603 bonum
1559 2565 1686 2604 dicere
1719 2565 1898 2603 astutiam
1922 2563 1982 2602 vel
2008 2562 2213 2607 vafritiam,
2249 2573 2346 2611 qua,
2381 2572 2478 2610 quae

230 2620 454 2672 Thrasybuli
481 2627 610 2670 erant,
645 2625 686 2664 in
712 2635 754 2664 se
779 2625 835 2664 vis
862 2625 1068 2664 contulisse
1093 2625 1340 2664 Alcibiadem.
1402 2626 1574 2672 Deinde,
1611 2627 1714 2675 quod
1739 2628 1898 2665 verbum
1924 2624 2185 2663 lucrifecit
2218 2635 2296 2662 non
2322 2623 2477 2660 solvitur

230 2685 390 2730 tantum,
421 2686 491 2725 sed
516 2687 652 2726 ordine
677 2687 793 2727 etiam
819 2687 971 2728 inverso
997 2687 1100 2727 verbi
1133 2688 1260 2738 partes
1285 2691 1493 2738 ponuntur,
1525 2700 1605 2729 non
1629 2691 1737 2729 recte
1764 2691 1965 2729 excusatm·
1991 2687 2061 2734 eis,
2094 2697 2193 2737 quae
2219 2687 2267 2725 ab
2293 2686 2477 2734 interpre-

230 2745 333 2784 tibus
358 2746 579 2795 affemntur,
618 2750 662 2788 cf.
689 2750 871 2799 Nipperd.
905 2762 992 2789 ann.
1027 2751 1076 2789 ad
1101 2751 1222 2789 Alcib.
1248 2750 1285 2797 8,
1315 2752 1350 2790 l.
1410 2752 1536 2791 Facile
1562 2753 1666 2791 enim
1692 2753 1933 2796 dirimuntur,
1968 2760 2067 2800 quae
2101 2760 2181 2789 non
2209 2748 2339 2798 juncta
2374 2751 2477 2792 sunt,

231 2804 318 2852 sed,
351 2808 465 2847 atita
492 2809 637 2858 dicam,
671 2823 750 2852 uno
778 2813 1054 2862 comprehensa
1080 2814 1185 2859 loco,
1222 2824 1245 2852 e
1271 2825 1347 2862 quo
1374 2825 1515 2863 genere
1540 2817 1631 2853 sunt
1656 2815 1889 2859 satisfacere,
1924 2813 2161 2856 benefacere,
2180 2820 2277 2859 quae
2302 2810 2383 2848 fere
2401 2810 2478 2848 iam

232 2869 406 2917 separate
437 2871 673 2920 scribuntur;
710 2873 819 2914 facile
853 2875 947 2915 item
981 2875 1196 2922 solvuntur,
1232 2886 1330 2925 quae
1364 2876 1416 2916 ita
1448 2876 1694 2924 coaluerunt,
1729 2877 1772 2915 ut
1806 2886 1875 2915 sua
1908 2876 2108 2925 utriusque
2140 2872 2310 2913 vocabuli
2342 2876 2478 2912 natura

233 2929 430 2971 immutata
454 2936 568 2982 esset,
587 2946 609 2975 e
629 2947 706 2988 quo
734 2948 876 2990 genere
901 2938 1016 2980 verba
1042 2941 1130 2981 sunt
1153 2939 1496 2991 praepositionibus
1511 2943 1641 2990 aucta;
1665 2938 1870 2981 difficulter
1887 2938 2158 2985 distrahuntur,
2184 2947 2283 2987 quae
2304 2936 2478 2987 copulata
