2710 3314
1356 111 1409 154 17

386 224 540 265 Summa
567 223 661 264 haec
687 226 756 262 est.
808 221 869 261 Ex
898 221 1088 272 octoginta
1123 220 1182 260 vel
1207 224 1359 261 centum
1385 222 1566 268 versibus,
1591 223 1734 273 ‚quibus
1762 222 1987 275 Thrasybuli
2021 225 2095 264 vita
2121 224 2349 270 continetur,
2384 221 2509 263 nullus

262 288 342 329 fere
370 292 440 335 est,
467 289 560 338 quin
588 287 837 327 offensionem
864 285 1020 331 habeat,
1058 295 1258 334 eamque
1285 285 1623 331 offensionem,
1660 290 1708 324 ut
1733 287 1889 326 lector
1926 289 1993 326 sit
2020 288 2300 344 monendus.

386 351 494 391 Esto.
556 351 616 390 De
653 348 880 399 Thrasybuli
922 348 998 387 vita
1032 347 1187 393 damus,
1226 347 1330 396 quod
1372 348 1438 387 vis.
1503 347 1606 396 Quid
1639 349 1785 398 porro?
1836 348 1950 397 Quod
1987 353 2162 400 tempore
2202 348 2511 391 excludebamur,

260 415 390 463 paucis
426 416 575 452 tantum
613 413 706 451 locis
740 411 926 460 quaedam
961 420 983 448 e
1016 410 1173 458 reliquis
1206 409 1290 447 vitis
1324 412 1582 460 excerpsimus
1622 413 1736 460 atque
1769 413 2048 460 annotavimus,
2097 416 2139 452 ut
2176 412 2343 463 quamvis
2380 410 2512 449 leviter

261 475 584 532 monstraremus,
608 474 786 518 eundem·
819 484 905 513 esse
935 473 1161 523 scriptorem
1193 472 1234 510 in
1267 472 1420 521 reliquis
1456 474 1539 513 vitis
1573 476 1688 522 atque
1722 474 1762 512 in
1791 474 2036 523 Thrasybulo.
2096 467 2168 515 Est
2202 475 2369 524 quidem,
2402 476 2446 511 ut
2472 473 2512 510 in

259 531 332 577 alia
358 538 432 578 vita
459 537 580 589 plura,
607 537 647 576 in
673 537 746 576 alia
772 536 963 587 pauciora,
984 546 1095 585 quae
1124 532 1464 584 reprehendantur,
1496 535 1625 582 insint,
1655 535 1723 575 sed
1755 535 1895 585 ubique
1931 536 1988 575 sui
2023 539 2080 576 est
2112 537 2337 581 simillimus,
2369 535 2512 583 ubique

259 602 394 639 eadem
421 604 488 638 est·
513 600 571 637 vel
605 599 845 648 neglegentia
877 598 935 635 vel
974 597 1159 646 cupiditas
1193 597 1233 635 in
1264 597 1380 635 rebus
1416 598 1635 644 tractandis,
1673 598 1816 647 ubique
1850 598 1985 637 eadem
2021 599 2209 649 cogitandi
2238 596 2511 649 judicandique

261 664 472 707 infirmitas,
499 662 643 710 ubique
670 660 771 700 idem
799 661 1065 699 inusitatorum
1090 660 1150 698 vel
1175 659 1437 698 obsoletorum
1463 662 1662 709 appetitus.
1721 661 2002 710 *Quamcunque
2039 673 2165 700 sumes
2189 662 2347 711 Nepotis
2383 662 2510 703 vitam,

259 724 472 764 monendus
500 723 574 763 erit
608 723 729 762 lector
761 722 969 762 identidem
996 722 1045 761 de
1077 721 1192 760 rebus
1227 722 1343 771 gestis
1377 721 1657 772 docendusque,
1689 724 1819 763 multis
1854 724 1947 772 locis
1985 728 2053 763 aut
2089 735 2234 763 errasse
2270 725 2510 773 scriptorem,

264 791 331 826 aut
358 786 549 824 inflexisse
576 787 627 824 ita
652 788 767 839 atque
793 785 999 823 detorsisse
1025 795 1099 830 res,
1132 786 1178 822 ut
1201 784 1365 822 maxima
1392 783 1503 822 laude
1527 788 1725 824 ornaretur
1749 787 1794 833 is,
1828 786 1876 826 de
1904 797 1981 836 quo
2012 786 2153 832 scribit,
2189 797 2275 825 cum
2305 786 2511 826 meruisset

259 850 436 897 aliquam,
463 849 521 887 vel
548 860 696 896 magna,
724 859 813 886 cum
839 848 1004 891 nullam:
1039 850 1083 885 ut
1107 858 1157 885 ne
1184 847 1472 895 vituperaretur,
1499 847 1565 886 ubi
1591 847 1888 896 reprehensione
1916 850 2051 899 dignus
2079 852 2197 895 esset,
2224 851 2267 887 ut
2292 849 2363 887 illis
2389 848 2510 887 laudi-

258 912 634 951 busobtrectaretur
660 910 754 950 aliis.
819 909 1035 950 Monendus
1071 910 1144 949 erit
1177 910 1298 949 lector
1330 910 1378 949 de
1414 910 1687 949 sententiarum
1720 913 1759 949 et
1784 912 1960 951 universe
1987 913 2177 951 dictorum
2204 912 2325 949 abusu
2371 911 2508 948 docen-

232 1010 237 1016 ,
257 975 415 1023 dusque,
443 984 556 1022 quam
582 983 697 1022 pravo
719 973 863 1022 Judicio
890 973 1053 1022 scriptor
1079 972 1274 1011 sententiis
1301 971 1666 1017 omnia‘referserit,
1693 984 1779 1011 cum
1806 984 1895 1012 vere
1922 986 1982 1013 res
2009 986 2054 1014 ac
2093 974 2313 1024 simpliciter
2351 973 2510 1011 fuissent

257 1035 543 1086 proponendaes
566 1063 574 1069 >.
592 1034 811 1073 Monendus
844 1036 917 1073 erit
942 1035 1062 1073 lector
1093 1035 1141 1073 de
1167 1035 1360 1083 scriptofis
1396 1035 1615 1074 infirmitate
1655 1034 1842 1083 cogitandi
1879 1035 2163 1086 docendusque,
2200 1045 2315 1085 saepe
2348 1044 2510 1073 numero

257 1098 381 1138 verbis
407 1098 439 1138 si
474 1108 552 1137 non
586 1096 804 1148 splendidis,
842 1099 957 1143 certe,
995 1099 1040 1136 ut
1072 1096 1259 1143 videntur,
1294 1097 1443 1136 decoris
1479 1097 1636 1136 subesse
1669 1101 1736 1136 aut
1766 1098 1858 1137 nihil
1890 1102 1957 1137 aut
1991 1110 2149 1148 pravum
2184 1099 2243 1138 vel
2276 1098 2508 1147 ambiguum.

256 1160 475 1201 Monendus
507 1161 673 1210 denique
704 1161 778 1199 erit
811 1160 859 1199 de
892 1160 1017 1199 verbis
1057 1160 1149 1210 ipsis
1181 1159 1470 1210 docendusque,
1507 1171 1621 1210 quam
1655 1160 1772 1199 multa
1806 1172 1877 1200 nec
1907 1161 2003 1201 lecta
2038 1162 2218 1202 sint·nec
2252 1172 2362 1211 pura.
2433 1159 2510 1207 Qui

257 1228 387 1263 autem
413 1225 577 1273 scriptor
609 1224 709 1262 hanc
741 1226 885 1262 tantam
917 1223 1067 1273 legendi
1086 1229 1226 1262 ‘curam
1250 1224 1407 1274 flagitat,
1440 1226 1485 1262 ut
1510 1225 1614 1262 recte
1649 1224 1807 1274 legatur,
1846 1224 1997 1264 delicias
2023 1225 2153 1264 nescio
2180 1234 2229 1264 an
2256 1223 2418 1264 dixerim
2446 1231 2511 1273 ge·

257 1289 360 1327 neris
387 1289 636 1337 interpretum
664 1291 730 1327 aut
753 1288 959 1326 lectionem
985 1289 1112 1335 aptam
1138 1287 1240 1331 siris,
1267 1288 1332 1334 qui
1360 1287 1409 1325 de
1423 1287 1566 1335 iudicio
1589 1288 1688 1325 bene
1715 1288 1908 1326 constituti
1935 1290 2038 1325 tanta
2066 1290 2155 1335 sunt
2180 1288 2353 1324 instructi
2380 1297 2509 1324 rerum

258 1350 367 1400 copia
401 1349 666 1399 sermonisque
692 1348 815 1389 Latini
848 1348 1076 1399 cognitione,
1110 1350 1154 1387 ut
1187 1343 1254 1387 aut
1286 1348 1358 1398 ipsi
1392 1348 1585 1388 inveniant
1617 1359 1731 1398 prava
1761 1352 1828 1388 aut
1859 1352 1961 1388 certe
1995 1349 2168 1389 dubitare
2203 1349 2423 1388 didicerint:
2464 1351 2511 1386 at

258 1413 487 1451 arcendus
520 1423 631 1450 vero
665 1413 763 1450 erit
788 1411 1211 1460 tanquam-pestis
1237 1421 1259 1448 a
1285 1411 1452 1460 pueris
1479 1411 1731 1450 duodecim
1757 1422 2001 1450 annorum.

388 1473 493 1522 Quid
520 1474 649 1513 enim?
687 1474 720 1513 E
748 1474 920 1513 lectionis
957 1474 1072 1512 initiis
1108 1476 1152 1512 ut
1183 1474 1273 1512 boni
1308 1475 1504 1523 capiantur
1537 1474 1692 1518 fructus,
1728 1477 1767 1512 et
1793 1475 1868 1512 cito
1899 1476 2008 1522 pueri
2034 1475 2166 1512 Latine
2181 1519 2185 1524 .
2200 1474 2328 1522 legere
2349 1468 2509 1511 ¹discant

257 1547 413 1576 necesse
440 1538 519 1583 est,-
536 1538 577 1576 et
602 1535 760 1587 diligere
786 1536 1022 1586 scriptorem,
1046 1535 1115 1585 qui
1140 1536 1285 1586 primus
1311 1534 1484 1576 traditur.
1536 1535 1725 1577 Neutrum
1752 1536 1836 1576 lieri
1862 1537 2014 1586 poterit,
2040 1538 2071 1577 si
2095 1536 2314 1577 Cornelium
2340 1537 2508 1587 primum

257 1600 382 1638 tradas
409 1600 623 1649 legendum.
677 1599 775 1639 Cum
800 1599 1096 1638 retardabuntur
1120 1600 1261 1648 passim
1295 1599 1462 1637 doctoris
1489 1610 1581 1638 voce
1607 1600 1828 1650 ingerentis,
1857 1611 1972 1649 quam
1999 1600 2073 1639 hoc
2098 1599 2155 1638 vel
2182 1600 2307 1648 inepte
2334 1598 2392 1637 vel
2420 1599 2505 1636 inu·

258 1663 369 1701 sitate
395 1662 444 1701 sit
469 1661 629 1708 dictum,
665 1673 779 1711 quam
805 1660 896 1701 illud
928 1662 985 1700 vel
1012 1662 1191 1711 ambigue
1216 1661 1275 1700 vel
1301 1662 1414 1701 falso:
1448 1663 1524 1702 cito
1551 1663 1681 1712 legere
1706 1674 1785 1702 non
1812 1663 1977 1709 discent,
2013 1674 2084 1702 nec
2111 1663 2265 1712 diligere
2292 1673 2400 1707 eum,
2439 1662 2507 1700 abs

259 1736 335 1774 quo
361 1725 504 1763 laesam
529 1725 642 1763 toties
669 1724 824 1763 audient
847 1725 1008 1774 primam
1034 1723 1215 1764 historiae
1240 1725 1367 1774 legem
1391 1725 1562 1774 rectique
1591 1725 1724 1774 judicii
1750 1735 1938 1764 normam.
1997 1728 2059 1771 At,
2087 1726 2223 1774 inquis,
2259 1735 2436 1763 morosus
2464 1726 2507 1762 tu

258 1787 414 1837 quidem
441 1798 483 1826 es
508 1787 645 1826 doctor
669 1788 714 1826 ac
738 1786 922 1833 difficilis;
950 1788 1016 1837 qui
1041 1787 1200 1837 sapient,
1227 1788 1390 1837 plurima
1416 1788 1643 1834 transibunt,
1679 1799 1778 1837 quae
1805 1792 1911 1827 recte
1937 1789 2056 1828 sciant
2081 1799 2199 1827 necne
2232 1798 2311 1826 non
2337 1788 2501 1832 interest

256 1861 478 1899 puerorum.
529 1849 616 1888 Non
641 1850 790 1888 invideo
818 1850 887 1888 tibi
921 1850 1174 1889 insanientem
1200 1851 1311 1889 istam
1337 1851 1572 1900 sapientiam,
1611 1851 1784 1900 dicoque,
1820 1852 1885 1900 qui
1911 1851 2047 1889 doctor
2071 1851 2192 1889 sciens
2217 1852 2389 1887 transeat
2423 1848 2508 1887 illos

256 1915 334 1951 tam
360 1914 493 1961 turpes
528 1922 679 1951 errores
705 1911 764 1951 vel
791 1921 925 1951 omnes
953 1911 1012 1951 vel
1038 1912 1193 1958 multos,
1229 1913 1380 1963 culpam
1413 1913 1651 1960 contrahere,
1687 1925 1785 1963 quae
1817 1915 1857 1952 in
1875 1913 1953 1953 'hac
1979 1916 2059 1952 arte
2089 1916 2220 1952 nostra
2246 1912 2414 1951 maxima
2441 1912 2507 1954 sit:

257 1975 413 2014 scie-ns
451 1974 575 2013 enim
608 1975 823 2025 patietur
857 1985 1051 2014 errores
1087 1975 1274 2016 «imbibi.

300 2041 306 2046 '
384 2037 500 2084 Quod
527 2040 702 2087 tempore
728 2048 772 2076 ae
797 2037 918 2086 spatio
946 2036 1125 2085 jubemur
1146 2038 1227 2086 jam
1253 2049 1408 2077 cursum
1434 2037 1619 2084 inhibere,
1653 2039 1901 2088 relinquenda
1927 2042 1985 2078 est
2012 2038 2232 2088 gravissima
2259 2036 2431 2086 quaestio
2459 2035 2508 2073 de

256 2102 360 2137 recta
399 2100 548 2138 ratione
582 2100 743 2139 vitarum
777 2099 1073 2139 scribendarum.
1137 2098 1264 2147 Quam
1296 2101 1361 2150 qui
1397 2101 1582 2147 instituet,
1616 2112 1694 2140 non
1721 2101 1955 2147 dubitamus,
1995 2102 2086 2151 quin
2120 2101 2169 2140 ab
2204 2100 2265 2140 his
2299 2097 2506 2147 majoribus

256 2162 372 2200 initiis
397 2161 592 2210 profectus
624 2162 672 2201 ad
705 2163 871 2210 eundem
908 2162 1023 2201 finem
1059 2165 1307 2211 perventurus
1343 2163 1411 2208 sit,
1448 2163 1498 2201 ad
1530 2174 1645 2213 quem
1677 2175 1747 2203 nos
1779 2165 2017 2214 pervenimus
2054 2164 2254 2208 historiae,
2291 2161 2433 2211 logices
2468 2164 2508 2199 et

257 2224 521 2273 grammatices
547 2224 785 2264 adminiculis
809 2225 895 2265 nisi.
947 2225 1008 2264 Ex
1034 2225 1114 2275 ipsa
1139 2225 1229 2264 artis
1255 2225 1290 2264 vi
1316 2227 1357 2265 et
1379 2228 1531 2273 natura,
1561 2227 1602 2266 ni
1629 2226 1810 2274 fallimur,
1844 2227 2122 2267 demonstrabit
2148 2227 2227 2270 ille,
2260 2225 2374 2270 vitas,
2409 2235 2508 2273 quae

257 2287 331 2326 hoc
356 2288 512 2326 nomine
538 2288 676 2337 dignae
702 2287 1088 2335 essent,··Cornelium
1112 2288 1202 2327 non
1216 2288 1423 2337 scripsisse,
1461 2299 1534 2327 nec
1559 2288 1598 2326 id
1626 2290 1761 2338 egisse,
1779 2293 1840 2330 :ut
1866 2291 2050 2339 imagines
2077 2291 2245 2330 virorum
2279 2287 2508 2326 fortissimo·

255 2361 342 2388 rum
375 2350 424 2388 ad
457 2350 583 2389 vivum
618 2361 818 2401 expressas
853 2351 1069 2398 exhiberet,
1112 2350 1180 2391 sed
1206 2351 1587 2400 circumspicientem,
1638 2362 1736 2401 quae
1770 2351 1931 2391 lectores
1978 2353 2105 2403 pusilli
2140 2348 2257 2390 animi
2294 2349 2507 2400 minutique

255 2413 397 2462 ingenii
442 2413 691 2459 oblectarent,
732 2414 915 2463 quasdam
950 2414 1247 2454 narratiunculas
1282 2413 1330 2452 de
1363 2413 1571 2453 illustribus
1604 2415 1692 2452 viris
1735 2416 2030 2455 consarcinasse.
2090 2414 2238 2452 Poterit
2270 2413 2373 2451 idem
2407 2413 2506 2451 sacili

255 2475 410 2525 negotio
448 2475 671 2522 ostendere,
707 2476 809 2516 unde
851 2476 926 2517 hoc
962 2487 1082 2527 genus
1125 2476 1344 2516 vilissimum
1384 2476 1772 2523 narratiunculam,
1809 2488 1893 2519 non
1929 2478 2109 2523 vitam,
2150 2475 2403 2525 repetendum
2438 2476 2504 2519 sit:

254 2548 412 2577 necesse
446 2539 549 2593 enim
584 2541 677 2585 erat,
712 2540 777 2589 qui
811 2551 890 2580 non
924 2541 1014 2580 satis
1061 2540 1207 2580 valeret
1234 2540 1399 2589 ingenio,
1434 2539 1606 2579 eumad
1638 2540 1851 2580 litterarum
1878 2541 1999 2582 studia
2033 2550 2077 2579 se
2109 2538 2346 2585 contulisset,
2394 2538 2506 2588 plane

255 2600 565 2650 pessumdaretur
590 2601 788 2641 rhetorum
821 2604 976 2642 artibus.
1029 2602 1249 2642 Omittenda
1281 2605 1340 2641 est
1380 2603 1496 2641 etiam
1529 2603 1578 2641 de
1612 2602 1666 2641 M.
1704 2603 1815 2642 Tullii
1853 2603 2015 2643 amicitia
2046 2602 2274 2650 disputatio:
2309 2603 2503 2644 miramur,

257 2663 360 2714 quod
386 2663 494 2702 multi
521 2662 560 2702 id
586 2673 706 2714 genus
732 2666 942 2706 amicorum
966 2666 1157 2717 respicere
1182 2665 1396 2712 noluerunt,
1424 2665 1489 2716 qui
1516 2665 1661 2717 magnis
1687 2666 1795 2714 viris,
1817 2667 1881 2718 qui
1907 2665 2049 2715 ubique
2075 2667 2177 2712 sunt,
2205 2675 2289 2705 sese
2313 2664 2502 2714 applicare

199 2726 201 2728 ’
256 2728 390 2772 solent,
416 2729 462 2764 ut
486 2727 669 2776 gloriolae
693 2729 836 2778 aliquid
867 2730 937 2768 sibi
964 2730 1157 2779 arripiant.

381 2789 442 2829 Ex
467 2789 524 2835 iis,
551 2790 616 2838 qui
642 2803 766 2841 nuper
791 2792 839 2832 de
865 2792 1006 2832 Latinis
1032 2793 1167 2831 litteris
1192 2793 1434 2841 scripserunt,
1460 2792 1648 2831 subtiliter
1674 2796 1714 2832 et
1739 2803 1885 2837 severe,
1916 2794 1959 2830 ut
1985 2763 2094 2837 solet,
2122 2791 2341 2839 Bernhardy
2367 2790 2416 2828 de
2442 2790 2500 2827 his

257 2852 340 2891 vitis
364 2852 497 2915 statuit
522 2861 559 2901 p.
586 2851 682 2900 264;
705 2853 809 2904 justo
835 2855 992 2906 aequius
1016 2854 1252 2895 Reinholdus
1278 2852 1391 2893 Klotz
1418 2863 1455 2903 p.
1484 2851 1546 2894 89.

916 2988 1814 3010 *—
