2710 3314
1356 85 1410 132 13

255 205 330 241 tur.
361 193 608 250 Lacuplet'es
632 198 821 241 homines
828 200 874 240 -et
899 194 1023 240 urbes
1038 200 1129 238 sunt
1153 199 1367 240 multarum
1376 196 1519 241 rerum
1538 201 1649 249 copia
1673 181 1843 248 minatae,
1867 202 2044 252 looepies
2064 210 2189 244 annas
2210 212 2277 260 ap.
2297 205 2500 245 Ηοηιίιιιι

254 267 341 310 cst,
354 265 437 314 qui
445 263 559 314 pleno
581 263 713 313 copias
734 271 861 304 cornu
875 260 1046 303 effundit
1070 260 1310 308 homidbuae
1344 262 1514 313 inermies
1539 263 1665 313 aquila
1690 264 1802 314 a‘pud
1812 264 2040 310 Juvenalem
2063 267 2308 308 acerbissime
2334 267 2384 307 de
2409 278 2498 321 cen·
2511 268 2514 271 ’

255 328 456 367 turio-atu
479 327 538 366 est
562 325 709 366 diuitias
731 323 951 366 afferente.
980 323 1144 375 Poteris
1159 325 1289 373 igitur
1308 325 1476 376 cogitare
1509 332 1680 371 munera,
1719 333 1823 375 quae
1855 327 2100 378 locupletem
2109 329 2296 376 reddam
2332 316 2437 379 quod
2467 332 2499 373 si

255 391 410 434 facies,
404 387 693 439 contrariorum
725 386 802 426 vim
834 386 956 426 tolles.
1015 386 1131 426 Redit
1153 388 1346 436 proximis
1379 388 1437 427 ad·
1455 386 1749 447 Thrasybulum
1768 389 1990 438 scribitque:
2022 391 2108 430 llla
2140 393 2288 442 igitur
2318 404 2500 432 corona

255 442 522 493 contentus
534 449 646 491 Thr.
670 458 828 498 neque
853 446 1059 499 amplius
1094 448 1355 499 requisivit
1379 459 1531 501 neque
1557 460 1847 501 quemquam
1874 451 2057 493 honore
2090 462 2144 494 se
2175 456 2499 496 antecessisse

254 501 571 556 existimavit.
597 511 799 554 Dect-etus
823 512 897 549 ille
907 512 1038 550 honor
1063 514 1123 550 est
1146 523 1169 552 a
1194 512 1508 560 magistran1,ut
1533 514 1774 563 accipiendus
1800 517 1902 552 esset
1926 515 1971 559 is,
1999 517 2061 564 qui
2088 519 2200 555 esset
2215 517 2410 557 deu-etus»
2446 521 2501 558 At

255 577 408 617 efficere
440 575 597 616 forsitan
630 574 791 619 licuerit,
825 576 884 613 ut
902 585 1018 613 aurea
1054 585 1196 614 corona
1232 567 1386 613 decreta
1419 576 1490 622 sit,
1524 587 1597 625 qua
1622 576 1859 618 Alcibiadem
1892 570 2075 616 donatum
2099 590 2183 618 3333
2215 580 2348 619 scribit
2371 581 2500 631 Nepos

259 640 308 679 in·
318 636 608 693 Alcibiade.
631 636 833 685 Conjicere
857 635 1012 685 quidem
1038 636 1154 676 haec.
1160 638 1205 675 et
1229 636 1318 676 talia
1343 636 1498 683 licebat,
1513 648 1603 677 non
1629 639 1766 678 licebat
1789 649 1880 679 vera
1905 639 2053 679 afferre.
2106 640 2150 678 ln
2174 641 2296 708 altero
2323 643 2499 681 membro

254 712 386 742 nasus
411 701 455 740 in
477 698 666 739 ariimum·
673 698 898 748 Thrasybuli
924 699 1006 748 ipse
1031 699 2549 748 inspexi..

345 763 629 806 Perventum
644 764 704 801 est
735 761 891 801 tandem
928 761 976 800 ad
1013 761 1186 800 ultimam
1219 754 1521 813 paragraphum.
1569 760 1718 811 Quarto
1749 763 1908 806 decimo
1934 775 1968 803 a.
1995 760 2083 813 po‘st
2104 765 2266 814 patriam
2293 729 2501 811 liberatam

254 836 343 865 eum
377 824 446 865 XL·
481 825 638 866 navib'us
670 824 710 863 in
744 824 874 864 Asiam
909 824 1114 870 mittiturs
1137 823 1202 873 qui
1227 819 1548 867 Lacedaemoniis
1583 821 1769 866 officeret.⁸
1821 825 1962 866 Rebus
1997 826 2096 866 bene
2127 827 2250 876 gestis
2287 828 2520 879 magnaque·

255 888 427 937 pecunia
445 890 574 926 coacta
607 896 699 925 cum
720 897 784 929 ex
797 886 879 925 aliis
905 886 1078 931 urbibus,
1100 888 1185 929 tum
1210 886 1388 925 ultimum
1413 886 1464 924 ex
1487 885 1681 935 Aspendo,
1703 886 1897 930 reditun-ns
1920 889 2000 928 iam
2019 888 2189 928 Athenas
2215 889 2262 929 ab
2286 891 2499 940 Aspendiis,

254 951 319 999 qui
347 951 399 989 ab
433 950 520 999 ejus
547 949 729 989 militibus
764 940 865 987 male
900 947 1017 987 habiti
1052 947 1174 994 crant,
1208 949 1437 1015 opprimitur
1470 951 1611 998 atque
1625 948 1865 988 interfit-itur.-
1927 951 1990 991 Sic
2022 950 2242 1001 Xenophon
2273 952 2320 993 R.
2354 952 2401 993 G.
2434 954 2498 999 lv,

255 1011 291 1058 8,
328 1013 390 1052 30.
459 1011 661 1061 Aspendus
695 1013 826 1050 autem
867 1010 1113 1059 Pamphyliae
1145 1014 1245 1057 erat.
1288 1023 1367 1052 non
1400 1010 1575 1079 Ciliciae,
1612 1011 1689 1050 ιίιι.
1721 1011 1854 1051 Rosius
1879 1012 1929 1088 ad
1949 1013 1993 1053 ιι.
2019 1014 2043 1052 1.
2079 1017 2119 1053 et
2149 1014 2335 1099 Aspendii
2366 1015 2500 1055 Graeci

252 1077 381 1122 erant,
416 1084 496 1115 non
531 1072 696 1118 barbari.

306 1155 308 1157 >
380 1137 442 1176 Ad
467 1137 628 1176 alteram
651 1136 926 1186 disputationis
966 1137 1125 1175 nostrae
1161 1138 1310 1186 partem
1343 1124 1617 1189 transeundum
1652 1145 1697 1174 ac
1722 1136 1883 1186 singulis
1917 1136 2133 1187 quibusque
2165 1140 2367 1181 momentis
2399 1107 2501 1180 colli-

252 1200 398 1249 gendis,
435 1199 681 1249 disponendis
708 1202 748 1238 et
778 1199 1056 1244 examinandis,
1084 1200 1225 1248 qualis
1232 1199 1283 1238 sit
1307 1200 1471 1248 scriptor
1497 1199 1712 1243 Cornelius
1724 1198 1870 1248 Nepos,
1904 1200 2007 1239 breti
2042 1200 2287 1242 efficiendam
2316 1207 2400 1247 est.-
2446 1207 2503 1243 Ac

254 1263 421 1311 primum
438 1262 601 1312 ‚quidem
626 1261 849 1307 videbimus,
887 1273 961 1311 qua
987 1261 1134 1301 ratione
1160 1272 1224 1301 res
1249 1262 1350 1311 ipsas
1376 1261 1584 1311 scripserit.
1642 1260 1836 1300 Perlustra
1862 1262 2007 1308 animo,
2035 1273 2135 1312 quae
2164 1273 2281 1314 supra
2307 1275 2501 1305 commcn-

252 1325 321 1364 tati
346 1336 479 1365 sumus
504 1325 695 1365 derebus
728 1325 859 1387 gestis,
881 1324 983 1374 quae
1008 1325 1048 1363 in
1066 1324 1362 1380 Thrasybulo
1384 1326 1755 1372 commemorantur:
1781 1324 1891 1385 plena
1916 1335 2094 1365 erromm
2127 1326 2256 1379 omnia
2283 1336 2367 1366 esse
2392 1338 2503 1377 repe·

254 1388 341 1426 ries.
394 1387 492 1427 Non-
507 1388 672 1427 occurrit
692 1380 784 1433 sere,
812 1382 936 1436 quod·
942 1387 1054 1436 plane
1080 1397 1212 1426 verum
1237 1387 1300 1433 sit,
1325 1387 1406 1426 nisi·
1422 1387 1653 1437 principium
1680 1386 1788 1425 illud:
1815 1378 2173 1437 Thrasybulus,
2191 1373 2311 1438 Lyci
2343 1389 2501 1436 filius,

256 1450 591 1490 Atheniensis.
649 1450 710 1489 Ex
743 1450 802 1496 iis,
836 1461 934 1499 quae
961 1449 1144 1499 Thrasyb.
1178 1449 1279 1491 bello
1311 1446 1642 1504 Peloponnesiaco
1665 1450 1794 1499 gessit,
1829 1460 1961 1500 magna
1994 1451 2169 1500 protecto
2205 1451 2321 1491 lmidc
2344 1452 2501 1511 dignum

255 1512 329 1552 hoe
354 1515 425 1559 eat,
454 1513 563 1563 quod
589 1513 685 1563 ejus
704 1513 871 1553 maxime
898 1522 1016 1563 opera
1041 1505 1254 1555 Alcibiades
1280 1514 1478 1553 revocatus
1507 1514 1579 1559 est,
1615 1512 1680 1562 qui
1706 1512 1965 1553 afflictissimas
1990 1513 2282 1568 Atheniensium
2297 1525 2370 1558 ,res
2397 1516 2500 1555 brevi

253 1575 527 1625 admirabiliter
559 1576 743 1622 restituit;
780 1576 832 1615 de
857 1575 928 1615 hae
961 1578 1066 1615 tanta
1096 1575 1208 1615 laude
1241 1575 1335 1615 nihil
1361 1574 1478 1616 Corn.
1504 1575 1654 1625 Ν3ιιο3;
1699 1576 1790 1615 satis
1822 1575 1937 1615 habet
1965 1576 2014 1615 de
2048 1576 2149 1616 bello
2175 1576 2500 1627 Peloponnesiaco

254 1649 373 1688 pauca
395 1639 532 1688 jecisse
548 1639 683 1689 «verba,
717 1649 814 1688 quae
840 1638 934 1679 nibil
968 1639 1165 1678 continent
1195 1649 1268 1678 nec
1291 1649 1381 1678 vera
1407 1640 1525 1678 sunt..
1561 1638 1685 1678 Porro
1716 1649 1819 1688 quae
1841 1638 1891 1678 de
1924 1621 2075 1689 triginta
2109 1640 2279 1689 tyramnis
2313 1642 2500 1690 superatis
2534 1660 2538 1664 ·

254 1703 399 1747 narrat,
440 1702 480 1742 in
512 1702 560 1752 iis*
592 1702 833 1752 gravissimos
868 1696 1060 1743 commisit
1077 1712 1257 1756 errores.
1316 1700 1404 1741 No‘n
1438 1701 1548 1747 dicit,
1582 1692 1867 1751 ‚Thrasybulum
1880 1708 1885 1713 '
1900 1704 2009 1741 antea
2041 1701 2352 1749 Thebis-fuisse,
2386 1715 2502 1753 qum

254 1756 414 1812 Phylam
440 1767 655 1815 occuparet,
689 1764 758 1803 sed
784 1764 912 1803 statim
944 1764 1159 1814 confugisse
1185 1763 1357 1815 Phylam,
1388 1764 1510 1803 multo
1544 1764 1744 1813 pauciores
1770 1765 1825 1803 rei
1854 1765 1977 1803 socios
2005 1766 2192 1809 numerat,
2217 1775 2332 1813 quam
2350 1766 2503 1815 reliqui

254 1826 473 1875 scriptores,
500 1829 709 1876 contraque
735 1828 978 1867 constantem
1003 1827 1313 1877 gravissimorum
1340 1827 1502 1866 testium
1525 1826 1640 1866 fidem
1669 1827 1790 1876 fingit,
1818 1829 2077 1877 contemptum
2093 1826 2370 1877 Thrasybulum
2393 1839 2419 1868 a
2443 1831 2503 1879 ty·

254 1890 382 1928 tannis
408 1900 513 1935 esse;
549 1889 681 1932 scribit
704 1889 950 1939 Munychiam
976 1890 1166 1938 operibus
1199 1900 1284 1947 3333
1318 1890 1504 1928 munitam
1531 1890 1584 1929 ab
1617 1890 1825 1935 exsulibus,
1850 1889 1960 1939 quod
1996 1890 2078 1930 fleri
2103 1890 2167 1927 vix
2191 1891 2365 1938 potuisse
2386 1901 2503 1940 supra

254 1950 502 1997 ostendimus,
536 1951 701 2001 indeque
735 1952 854 2001 fingit,
890 1952 1004 2001 quasi
1025 1952 1116 1991 urbs
1143 1954 1271 1998 esset,
1299 1954 1558 2009 oppugnatam
1589 1963 1613 1991 a
1639 1952 1766 1992 XXX
1781 1952 1950 2002 tyrannis
1974 1948 2235 2001 Munychiam,
2268 1954 2310 1992 et
2335 1952 2394 1992 bis
2417 1953 2503 2002 qui·-

255 2014 344 2053 dem
369 2002 646 2064 oppugnatam,
686 2025 774 2053 cum
806 2015 1047 2065 gravissimus
1080 2007 1214 2054 auctor
1239 1996 1459 2065 Xenophon
1492 2009 1673 2065 testetur,
1707 2011 1859 2063 se'mel
1894 2025 2013 2065 prope
2037 2013 2282 2064 Munychiam
2315 2015 2503 2054 certatum

254 2088 357 2122 esse;
383 2078 494 2127 fingit
517 2078 621 2124 item,
639 2077 758 2116 XXX
775 2080 963 2127 tyrannos
989 2078 1113 2116 annis
1129 2077 1489 2127 impedimentisque
1503 2073 1660 2117 ami‘ssis
1686 2079 1727 2116 in
1751 2064 1886 2124 urbem
1902 2078 2097 2127 refugisse.
2135 2076 2279 2124 ‚Quod
2285 2077 2503 2127 Xenophon

253 2141 395 2201 narrat,
429 2139 593 2185 exsules,
629 2140 833 2189 quominus
858 2150 1008 2190 pugnae
1034 2140 1183 2180 initium
1209 2140 1394 2186 taoerent,
1424 2150 1509 2179 esse
1541 2140 1756 2191 prohibitos
1780 2140 1985 2191 religione.
2018 2138 2221 2181 Cornelius
2242 2138 2341 2181 inde
2372 2138 2502 2187 efficit,

252 2196 446 2243 neminem
473 2214 557 2243 esse
582 2203 830 2248 volneratum,
862 2203 934 2242 nisi
961 2203 1026 2252 qui
1051 2199 1339 2252 impugnaverit
1353 2203 1478 2252 prior,
1512 2204 1584 2243 scit
1617 2204 1733 2243 etiam
1758 2202 1847 2249 hoe,
1880 2203 2029 2242 exsules
2047 2197 2201 2243 velitne
2225 2212 2324 2248 3833,
2358 2212 2411 2242 ne
2439 2214 2503 2243 ce*

254 2265 388 2304 dentes
416 2266 680 2305 volnerarent.
723 2264 881 2305 Critiam
906 2264 997 2304 facit
1028 2272 1182 2305 caesum
1207 2265 1255 2304 ab
1280 2266 1364 2314 ipso
1389 2250 1639 2316 Thrasybulo,
1666 2269 1710 2306 ut
1735 2266 1908 2306 videtur:
1938 2265 1986 2305 de
2010 2275 2071 2304 33
2078 2265 2189 2310 nulla
2214 2266 2413 2313 praeterea
2441 2270 2501 2305 oet

254 2328 412 2366 mentio.
462 2327 580 2367 Plane
606 2330 717 2373 tacet,
744 2328 783 2367 in
809 2329 953 2377 quante
979 2327 1148 2383 periculo
1174 2327 1290 2366 fuerit
1314 2327 1460 2373 Thras„
1485 2339 1576 2377 quo
1589 2317 1765 2378 tempore
1785 2327 1992 2378 Lysander
2002 2326 2121 2371 XXX
2154 2327 2325 2375 tyrannis
2357 2328 2501 2367 auxilio

254 2392 420 2435 venerat,
482 2390 529 2428 ln
562 2390 665 2439 pacis
698 2390 999 2430 condicionibus
1017 2390 1218 2430 afferendis
1257 2392 1364 2430 tanto
1392 2401 1517 2440 opere
1552 2390 1704 2437 labitur,
1747 2393 1790 2430 ut
1822 2390 1984 2438 omittat,
2020 2378 2119 2439 quae
2149 2390 2240 2428 simt
2270 2389 2502 2446 gravissima,

255 2460 353 2502 quae
388 2463 682 2502 supervacanea
678 2455 804 2499 sunt,
838 2453 1005 2503 affingat.
1065 2451 1274 2497 oblivionis
1305 2453 1431 2503 legem
1465 2452 1515 2492 ad
1548 2464 1673 2493 unum
1702 2454 1818 2493 refert
1842 2452 2139 2508 Thrasybulum,
2170 2451 2221 2489 de
2255 2462 2335 2500 quo
2366 2463 2503 2503 magna

254 2512 358 2554 cer'te
384 2515 568 2554 dubitatio
596 2517 666 2560 est,
718 2515 922 2555 Rationem
948 2516 1220 2565 praemiorum,
1254 2527 1353 2565 quae
1385 2515 1580 2554 exsulibus
1611 2519 1700 2555 sunt
1734 2516 1832 2560 data,
1866 2515 1980 2564 plane
2009 2514 2199 2555 immutat.
2251 2512 2428 2567 Denique
2451 2516 2502 2554 de

256 2576 429 2617 extrema
455 2576 700 2627 expeditione
726 2577 850 2617 obiter
875 2580 1167 2624 commemorat,
1189 2580 1367 2630 tacetque
1394 2577 1618 2628 Thrasybuli
1645 2575 1916 2624 insolentiam,-
1931 2586 2005 2619 neo
2030 2576 2068 2615 in
2094 2574 2254 2629 singulis
2277 2575 2402 2617 rebus
2420 2577 2501 2617 sine

255 2641 345 2679 vitio
379 2642 448 2679 est,
506 2639 555 2688 Hi
591 2642 680 2678 sunt
711 2642 770 2687 tot
801 2641 972 2690 tantique
1005 2651 1174 2687 errores,
1215 2642 1278 2680 vix
1309 2643 1366 2680 ut·
1383 2640 1597 2690 quidquam
1624 2640 1715 2678 veri
1742 2639 1783 2678 in
1816 2649 1951 2689 rer-um
1981 2637 2223 2687 expositione·
2255 2639 2500 2689 relinquatur.

257 2702 335 2749 Qui
361 2703 463 2741 unde
489 2704 564 2741 sint
580 2703 667 2747 orti,
693 2703 726 2740 si
753 2704 838 2741 fieri
865 2704 997 2752 possit,
1024 2704 1279 2752 indagandum
1306 2706 1375 2742 est.
1426 2704 1471 2741 In
1496 2713 1656 2741 numero
1678 2699 1871 2746 ,error-um,
1898 2702 1961 2749 qui
1982 2701 2144 2750 proprie
2170 2702 2223 2746 ita
2248 2702 2499 2761 appellantur,

248 2764 385 2805 licebit
417 2764 580 2811 habere,
621 2764 722 2815 quod
756 2763 1019 2815 Munychiam,
1057 2765 1142 2816 ipsa
1177 2765 1251 2806 loci
1289 2768 1425 2819 nattira
1454 2764 1551 2805 satis
1584 2763 1767 2810 validam,
1807 2756 1936 2804 scribit
1976 2775 1998 2803 a
2033 2762 2270 2814 Thrasybulo
2303 2764 2500 2810 munitam,

258 2827 438 2877 quodque
464 2827 537 2867 hoc
557 2826 765 2878 impeditus
797 2828 931 2867 errore
956 2830 1216 2879 oppugnatam
1242 2828 1368 2879 tingit;
1402 2827 1560 2866 fortasse
1587 2827 1715 2874 etiam,
1751 2825 1920 2877 quod-in
1947 2828 2118 2866 extrema
2145 2826 2384 2877 expeditione
2410 2824 2501 2867 Cili·

258 2893 355 2931 eiam
376 2883 552 2930 'nominat
566 2902 649 2940 xpro
666 2890 899 2940 Pamphylia,
925 2892 1106 2930 barbaros
1131 2902 1202 2941 pro
1222 2882 1396 2935 Graecis;
1423 2891 1461 2928 bi
1487 2901 1642 2930 errores
1665 2891 1725 2930 vel
1749 2885 2014 2939 neglegentiae
2039 2892 2139 2934 sunt,
2165 2890 2225 2928 vel
2249 2890 2497 2937 ignorantiae.

260 2951 378 3002 Quod
405 2949 536 2995 nescit
562 2944 681 2994 ullam
700 2953 917 2996 ,Alcibiadis
947 2964 1032 2994 rem
1064 2953 1180 2994 bello·
1195 2952 1519 3004 Peloponnesiaco
1559 2952 1644 2994 sine
1675 2951 1926 3003 Thrasybulo.
1948 2955 2116 3003 gestam,
2137 2951 2344 2991 'incertum
2373 2953 2502 3001 potest

261 3027 360 3064 esse,
387 3015 674 3057 mendaciumne
710 3028 760 3058 an
783 3028 892 3058 error
918 3017 1162 3069 appellandus
1189 3018 1257 3065 sit;
1294 3017 1456 3067 namin
1482 3011 1686 3058 Alcibiadis
1711 3016 1787 3056 vita
1813 3026 1847 3056 c.
1872 3014 1898 3056 5
1925 3014 2000 3112 §25
2034 3015 2199 3067 quinque
2223 3017 2399 3073 numerat
2423 3017 2500 3055 ter·
