2679 3283
898 281 904 288 ·
1142 281 1147 288 ·
1245 260 1400 314 *ne
1500 302 1504 306 .

420 358 540 432 Ι)
607 371 670 428 o
734 339 1157 428 ruze'l
1217 355 1391 454 io.
1460 356 1734 456 ive
1793 373 1865 444 ιι
1931 359 2102 428 ot
2164 375 2224 430 e

507 495 552 534 a
582 485 757 541 loeo,
788 475 1097 568 quem'in
1124 481 1384 561 'scholis
1411 482 1706 540 obtinet,
1735 472 2168 536 removendo.

214 847 342 919 Be
368 879 736 930 Latino-scriptore,
765 880 872 930 cujus
900 881 1051 926 exstant
1076 878 1175 938 vitae
1201 878 1489 935 imperatorum·
1506 876 1739 919 Graecorum
1765 888 1856 919 cum
1887 879 2096 930 appendice
2123 882 2163 920 et
2196 891 2283 931 pars
2309 879 2398 920 libri
2424 879 2473 919 de

214 941 405 982 historicis
431 941 595 988 Latinis,
631 942 795 984 multum
822 953 867 982 ac
901 941 967 982 diu
1001 942 1254 993 disceptatum
1284 934 1368 988 est,
1411 940 1647 981 Aemiliusne
1679 944 1780 982 esset
1814 941 1985 990 Probus,
2018 955 2068 984 an
2096 943 2299 985 Cornelius
2330 943 2475 994 Nepos,

212 1004 339 1054 primo
365 1005 519 1044 saeculo
546 1007 634 1044 ante
661 997 857 1045 Christum
883 1002 1016 1044 natu'm
1042 1004 1196 1061 fuisset,
1222 1010 1277 1044 an
1299 1006 1437 1054 quarto
1463 1006 1552 1053 post
1577 1007 1709 1063 natum
1735 1004 1911 1043 eundem.
1964 1004 2047 1045 Nec
2069 1006 2187 1046 hodie
2212 1006 2394 1058 perlecta,
2409 1016 2473 1051 res

209 1068 272 1106 est
296 1067 344 1106 ab
371 1067 554 1117 omnique
580 1069 689 1118 parte
715 1067 908 1114 absoluta:
936 1057 1104 1115 constat,
1131 1066 1236 1118 quod
1262 1066 1400 1116 sciam,
1434 1066 1585 1107 Aemilii
1612 1066 1729 1107 Probi
1760 1078 1902 1108 nomen
1928 1078 2021 1108 casu
2047 1070 2088 1108 et
2119 1079 2250 1124 errore
2284 1080 2375 1110 cum
2401 1069 2475 1109 illis

211 1130 298 1169 vitis
325 1131 586 1170 consociatum
611 1142 716 1183 esse;
744 1131 794 1171 de
820 1133 946 1187 aetate
973 1130 1110 1170 earum'
1131 1134 1172 1170 et
1196 1132 1354 1170 auctore
1380 1130 1614 1180 disceptatur
1647 1129 1874 1170 etiamnunc.
1926 1130 2161 1181 Nuperrime
2194 1131 2355 1183 Carolus
2381 1131 2475 1183 Nip-

211 1192 378 1243 perdey,
406 1194 472 1244 qui
500 1192 721 1234 Cornelium
745 1193 937 1247 Nepotem
961 1194 1114 1244 Lipsiae
1141 1194 1261 1234 edidit
1286 1194 1460 1235 universa
1487 1193 1745 1244 disputatione
1771 1196 1810 1233 et
1834 1195 2143 1235 annotationibus
2170 1195 2283 1245 plane
2309 1196 2474 1246 egregiis

208 1254 456 1313 illustratum,
484 1257 749 1297 demonstrare
787 1259 948 1297 conatus
973 1260 1051 1304 est,
1078 1268 1218 1297 aureae
1244 1256 1379 1297 aetatis
1398 1267 1484 1296 esse
1515 1257 1600 1296 illos
1632 1256 1781 1296 libellos
1807 1257 2043 1307 scriptosque
2069 1269 2092 1297 a
2111 1256 2293 1298 Cornelio
2309 1256 2474 1308 Nepote,

210 1316 266 1357 Μ.
294 1318 406 1359 Tullii
433 1320 473 1359 et
498 1319 541 1359 Τ.
567 1318 771 1370 Pomponii
798 1319 985 1360 familiari.
1044 1315 1101 1360 Ac
1126 1319 1175 1360 de
1200 1319 1332 1370 priore
1358 1319 1515 1370 quidem
1540 1319 1593 1360 re‘·
1610 1319 1720 1360 facile
1744 1319 1855 1359 nobis
1880 1320 2084 1369 persuasit,
2121 1321 2267 1371 quippe
2293 1321 2358 1371 qui
2385 1323 2476 1371 post

212 1380 367 1431 longam
395 1381 673 1422 dubitationem
699 1382 804 1422 idem
826 1382 907 1432 jam
934 1382 1001 1422 diu
1026 1383 1310 1429 statuissemus3
1338 1382 1387 1422 de
1413 1382 1534 1422 altera
1560 1393 1677 1434 aegre
1704 1383 1906 1433 persuasit.

339 1443 418 1483 Sed
443 1445 483 1484 in
508 1444 584 1484 hoc
610 1445 736 1485 subito
762 1435 979 1495 disputandi
1005 1454 1184 1491 munere,
1221 1445 1325 1495 quod
1351 1445 1637 1495 suscipiendum
1669 1444 1782 1484 nobis
1816 1447 1899 1484 erat
1923 1466 1975 1473 —
2000 1445 2089 1495 quia
2115 1445 2239 1492 enim,
2276 1456 2376 1496 quae
2403 1456 2473 1485 ex-

209 1508 380 1555 spectata
405 1506 530 1547 fuerat
563 1507 732 1558 collegae
767 1508 1060 1554 commentatio,
1106 1518 1186 1561 non
1218 1510 1373 1559 praesto
1407 1511 1509 1555 erat,
1549 1519 1601 1548 ne
1632 1508 1777 1548 indices
1811 1508 2023 1548 scholastici
2056 1508 2150 1548 nudi
2189 1508 2472 1554 emitterentur,

208 1553 319 1607 δόσις
343 1559 471 1620 ὀλίγη
495 1570 581 1613 affei
589 1570 689 1611 enda
713 1572 843 1623 potius
870 1573 969 1618 erat,
996 1582 1113 1630 quam
1137 1570 1243 1615 nulla
1267 1593 1320 1601 —
1345 1582 1417 1612 nos
1444 1567 1601 1623 quidem
1626 1571 1843 1612 universam
1868 1570 1971 1612 illam
1996 1571 2257 1621 quaestionem
2282 1582 2356 1612 nec
2381 1583 2472 1623 pos—

207 1644 342 1673 sumus
368 1633 444 1673 hoc
469 1634 555 1673 loco
582 1634 772 1674 disserere
798 1646 871 1674 nec
896 1635 1083 1675 volumus.
1134 1635 1180 1692 id
1206 1645 1337 1674 unum·
1350 1635 1463 1674 nobis
1488 1636 1780 1686 proposuimus,
1807 1637 1852 1675 ut
1866 1635 2164 1686 exquireremus
2190 1635 2351 1685 paucist·
2385 1634 2472 1675 ille

209 1696 420 1736 vitarum
445 1698 681 1748 scriptor,
708 1698 935 1748 quisquis
962 1699 1065 1744 est„
1081 1700 1242 1737 utrum
1266 1697 1440 1748 dignus
1474 1690 1623 1744 esset,
1654 1698 1733 1748 qui
1759 1695 1932 1737 Latine
1960 1696 2261 1737 discentibus
2286 1698 2473 1737 matur'e

209 1759 258 1799 in
284 1770 449 1800 manus
485 1759 787 1807 traderetur,
823 1771 982 1813 annon
1015 1761 1193 1811 dignus
1217 1760 1386 1810 esset?
1453 1759 1543 1801 Non
1567 1761 1809 1816 ignoramus,
1843 1760 1919 1801 hoc
1954 1771 2040 1801 cum
2065 1760 2232 1811 agimus,
2275 1760 2372 1801 nihil
2398 1771 2472 1800 nos

209 1822 283 1861 nisi
311 1822 517 1862 crabrones
543 1823 706 1862 irritare.
771 1822 947 1874 Namque
981 1822 1182 1864 Cornelius
1215 1823 1280 1863 ille
1312 1823 1460 1873 Nepos,
1492 1822 1574 1873 quo
1589 1824 1763 1863 momine
1796 1823 1988 1863 brevitatis
2007 1829 2134 1863 ‘causa
2171 1833 2280 1870 eum,
2314 1822 2367 1863 de
2392 1833 2473 1873 quo

210 1884 446 1938 disputatur,
473 1885 667 1936 appellare
692 1886 840 1933 licebit,
866 1887 907 1927 in
923 1887 1055 1937 paucis
1072 1889 1132 1927 est
1148 1886 1293 1926 Latinis
1318 1887 1587 1937 scriptoribus,
1612 1897 1779 1937 quorum
1796 1887 1837 1926 in
1852 1886 1992 1926 scholis
2008 1897 2168 1937 regnum
2185 1897 2266 1926 non
2281 1888 2472 1926 vetustate

208 1949 330 1999 magis
348 1950 534 1995 sanctum,
561 1959 679 1999 quam
695 1950 837 2000 pietate
853 1943 1109 2001 plurimorum
1124 1949 1423 2003 munitissimum
1438 1949 1624 1991 videatur.
1665 1949 1762 1990 Erat
1785 1952 1927 1997 autem,
1952 1960 2022 1990 cur
2036 1959 2108 1989 nec
2124 1949 2305 1990 vetustati
2319 1951 2472 1989 tantum

210 2012 472 2051 tribueremus
490 2022 563 2051 nec
580 2013 814 2058 auctoritati,
841 2015 885 2051 ut
901 2012 975 2052 hac
990 2012 1268 2052 abstineremus
1285 2011 1570 2060 disquisitione:
1587 2023 1679 2051 num
1694 2012 1796 2061 justa
1813 2023 1943 2051 caussa
1961 2011 2086 2056 fuerit,
2103 2011 2168 2050 alii
2185 2011 2471 2068 existimabunt.

338 2071 455 2121 Quod
482 2072 734 2113 Terentianus
759 2073 911 2127 Demea
933 2076 1116 2124 tanquam
1141 2074 1181 2113 in
1213 2073 1412 2124 speculum
1455 2074 1497 2114 in
1534 2074 1629 2119 vitas
1662 2074 1835 2113 omnium
1869 2073 2055 2123 inspicere
2087 2072 2214 2113 filium
2231 2071 2362 2121 iubet,
2395 2084 2470 2113 nos

210 2135 368 2184 quidem
393 2135 449 2175 sic
474 2135 731 2182 instituemus,
757 2136 859 2175 ut'in
875 2147 994 2175 unam
1020 2138 1168 2175 tantum
1195 2136 1390 2187 scriptoris
1407 2137 1535 2183 vitam,
1561 2139 1744 2187 tanquam
1767 2137 1809 2175 in
1826 2135 2034 2186 speculum,
2061 2134 2225 2175 lectores
2243 2135 2468 2186 inspiciant:

209 2197 394 2246 videbunt
418 2200 503 2239 tum
528 2198 602 2249 ipsi
627 2198 791 2240 fortasse
813 2193 869 2229 ἶ·-
894 2208 945 2240 ex
976 2208 1106 2250 ungue
1139 2199 1305 2239 leonem.
1375 2198 1601 2250 Thrasybuli
1627 2201 1756 2239 autem
1784 2199 1920 2245 vitam,
1956 2205 2074 2248 quam
2096 2196 2468 2249 perstringeremus,

207 2260 353 2300 idcirco
379 2260 612 2312 delegimus,
639 2261 763 2312 quod,
789 2272 878 2301 cum
903 2273 978 2303 nec
1002 2262 1123 2302 multa
1147 2262 1263 2302 abeo
1280 2265 1409 2302 essent
1434 2265 1558 2314 gesta,
1583 2272 1657 2303 nec
1682 2265 1747 2302 aut
1767 2271 1971 2302 causarum
1997 2259 2231 2301 obscuritate
2256 2263 2324 2320 aut
2346 2261 2471 2302 varie·

209 2325 289 2362 tate
313 2334 446 2363 rerum
472 2324 676 2374 impedita,
717 2324 939 2369 facillimum
965 2320 1104 2374 inunus
1130 2326 1232 2364 u‘sus
1270 2328 1329 2365 est
1354 2326 1388 2365 is
1421 2326 1587 2371 subisse,
1627 2325 1693 2375 qui
1731 2324 1843 2363 vitam
1880 2323 1965 2374 ejus
1983 2322 2240 2363 ‘scribendam
2282 2326 2466 2363 sumeret.

209 2383 279 2427 sin
304 2386 572 2428 Themistoclis
596 2387 713 2428 vitam
729 2390 797 2428 aut
811 2387 1016 2428 Alcibiadis
1041 2391 1109 2428 aut
1124 2387 1261 2428 Dionis
1283 2390 1351 2428 aut
1367 2389 1534 2439 Agesilai
1552 2388 1902 2438 proposuissemus,
1930 2387 1963 2426 si
1988 2397 2067 2425 non
2092 2386 2327 2434 invidiosius,
2355 2391 2462 2426 certe

207 2449 341 2488 durius
367 2459 447 2487 non
472 2450 616 2488 nemini
649 2449 820 2488 fortassis
854 2459 984 2502 agere,
1008 2449 1238 2488 videremur.
1297 2450 1399 2489 Tum
1434 2449 1649 2502 disputandi
1674 2448 1773 2487 ratio
1798 2457 1845 2488 ac
1869 2448 1947 2493 via,
1974 2449 2089 2498 quam
2121 2446 2296 2495 iniimus,
2349 2457 2464 2489 excu-

206 2512 324 2552 sanda
350 2514 427 2557 est:
454 2511 503 2551 ab
529 2512 638 2552 initio
656 2524 746 2552 cum
769 2513 989 2562 placuisset,
1025 2523 1124 2560 quae
1150 2513 1199 2550 de
1223 2513 1353 2557 rebus,
1380 2513 1430 2562 de
1456 2513 1653 2551 sententiis
1679 2513 1718 2549 et
1751 2511 1802 2550 de
1826 2512 1950 2550 verbis
1976 2510 2194 2548 annotanda
2219 2514 2360 2558 essent,
2386 2512 2463 2549 dis·

208 2584 356 2626 ponere
380 2575 497 2626 atque
522 2572 563 2615 in
588 2574 737 2626 singula
763 2585 937 2626 quaeque
963 2574 1085 2627 capita
1109 2573 1276 2622 referre,
1303 2576 1392 2626 post
1417 2576 1547 2616 tamen
1572 2572 1810 2615 intellectum
1833 2575 1910 2620 est,
1938 2571 2041 2619 fore,
2069 2574 2114 2612 ut
2130 2572 2185 2613 sic
2202 2572 2462 2627 discerperen-

208 2640 292 2683 tur,
318 2647 418 2687 quae
442 2636 547 2687 apud
572 2638 799 2688 scriptorem
825 2637 1130 2697 conjimctissima
1156 2639 1305 2688 essent3
1337 2638 1522 2694 confusae
1549 2637 1668 2688 igitur
1700 2638 1816 2689 atque
1830 2647 1838 2697 ⁴.
1851 2636 2050 2676 universae
2084 2634 2329 2686 disputationi
2355 2636 2462 2676 locus

209 2698 356 2739 dandus
382 2702 477 2739 erat.
849 2719 852 2722 <
980 2733 984 2737 .
1099 2737 1102 2740 ,
1549 2708 1552 2715 “
2112 2716 2118 2721 ·

337 2761 382 2801 In
407 2761 718 2814 Thrasybulo
745 2761 1186 2815 exorditur‘magnifice:
1239 2757 1295 2803 Si'
1315 2773 1399 2814 per
1424 2772 1473 2803 se
1498 2761 1650 2803 virtu-s
1684 2762 1784 2811 sine
1823 2760 2018 2802 fortuna
2044 2759 2360 2812 'ponderanda
2386 2761 2461 2803 sit.

208 2824 332 2874 Volgo
371 2835 451 2863 non
488 2825 668 2865 virtutem
705 2826 920 2878 ponderant
956 2829 1023 2866 aut
1056 2827 1305 2874 voluntatem,
1344 2826 1413 2864 sed
1456 2825 1652 2865 fortunam
1692 2829 1729 2863 et
1766 2827 1958 2863 eventum.
2009 2826 2061 2862 At
2086 2823 2177 2874 quid
2202 2823 2291 2869 tibi,
2324 2825 2392 2875 qui
2416 2835 2460 2864 es

207 2885 429 2935 historicus,
446 2897 535 2929 cum
552 2888 689 2941 volgo?
707 2901 796 2932 cum
812 2891 1039 2942 praesertim
1056 2891 1097 2932 in
1111 2888 1287 2931 Eumene
1304 2888 1429 2931 dicas:
1455 2901 1653 2941 magnos
1671 2888 1877 2935 homines
1902 2889 2083 2929 virtute
2101 2886 2349 2935 metimur,
2362 2899 2461 2930 non

1946 2983 1962 3014 1
