2679 3283
1329 90 1358 133 9

205 207 364 251 sulanda
400 206 439 251 h.
466 206 500 247 l.
517 207 578 247 est
592 215 741 255 mappa
775 202 1061 253 topographica,
1094 210 1193 252 quae
1212 210 1378 245 'annexa
1414 206 1473 242 est
1506 202 1636 244 Leakii
1670 204 1919 254 descriptioni
1952 203 2204 243 Athenarum.
2262 203 2468 254 Munychia

207 273 293 315 erat
318 268 529 322 peninsula,
555 268 605 308 ad
629 278 747 319 quarn
772 277 795 306 a
817 268 921 310 terra
948 275 1047 308 unus
1072 267 1157 305 erat
1181 264 1305 308 aditus
1337 275 1409 316 per
1432 265 1654 312 Piraeeum;
1682 267 1756 308 loci
1782 267 1899 318 igitur
1924 269 2058 306 natura
2085 278 2131 307 ea
2158 269 2252 312 erat,
2290 269 2335 308 ut
2359 267 2468 308 facile

207 333 360 377 defendi
387 335 539 383 posset.-
587 333 712 373 Porro
738 329 789 372 X.
819 329 953 375 tradit,
988 328 1105 369 XXX
1145 331 1327 377 tyrannos
1365 329 1551 373 certiores
1583 329 1705 370 factos
1742 330 1792 370 de
1826 342 1888 376 re,
1931 341 2030 379 quae
2058 334 2174 371 nocui
2211 332 2315 371 esset
2347 334 2467 379 gesta,

206 397 379 440 statim
407 396 533 438 exisse
560 405 649 438 cum
674 392 816 434 robore
843 392 1042 442 copiarum
1076 391 1253 441 viamque
1285 393 1466 439 tentasse,
1500 403 1599 442 quae
1624 393 1666 435 in
1683 393 1886 433 Piraeeum
1904 393 2076 434 duceret.
2127 394 2310 434 Piraeeus
2336 393 2468 432 aberat

208 459 370 499 Athenis
397 459 566 509 quinque
593 455 722 502 milia,
735 456 867 505 paucis
893 457 938 494 ut
963 454 1068 493 horis
1095 457 1135 495 et
1158 455 1314 495 nuntius
1339 455 1399 495 rei
1424 455 1595 496 Athenas
1620 456 1781 505 perferri
1808 459 1938 507 posset
1962 459 2002 495 et
2028 456 2154 497 exitus
2179 457 2337 496 institui.
2390 455 2469 494 Ex-

207 522 308 564 sules
335 524 468 564 contra
492 519 661 569 primum
685 518 726 557 in
749 528 885 567 eampo
912 517 1086 557 hostibus
1110 526 1314 555 occurrere
1340 518 1465 560 conati
1490 521 1598 563 sunt;
1625 521 1732 567 patet
1757 520 1883 568 igitur,
1921 519 2143 561 brevissimo
2170 522 2343 568 tempore
2378 522 2468 568 post

206 585 409 627 Piraeeum
434 584 590 631 captum
606 582 645 624 in
662 591 843 630 eampum
866 590 952 622 esse
975 580 1254 630 egressos,ubi
1272 579 1401 621 hostes
1418 582 1699 631 opperirentur.
1751 580 2005 621 Minimum
2034 582 2193 631 igitur
2225 581 2467 631 temporis

208 650 288 690 aut
314 646 495 690 nullum
527 645 806 694 supererat,
841 642 964 693 quod
998 643 1046 685 in
1071 641 1325 693 Munychia
1361 643 1591 692 operibus
1621 643 1871 690 firmanda,
1905 644 1942 683 si
1981 644 2169 695 quidem
2203 654 2319 684 usus
2347 647 2466 689 erat,

206 710 519 751 collocarent.
572 707 785 748 Consilium
817 707 954 758 proelii
984 706 1269 752 committendi,
1304 706 1408 755 quod
1440 707 1575 746 inierat
1609 707 1884 758 Thrasybulus,
1919 709 2119 758 perspicue
2153 720 2175 747 a
2199 707 2464 758 Xenophonte

208 773 425 823 exponitur.
476 771 687 810 Hominum
713 769 957 811 multitudine
980 778 1071 808 cum
1097 769 1316 819 superiores
1343 768 1488 821 yideret
1515 769 1657 816 hostes,
1684 781 1819 820 campo
1845 770 1992 816 relicto,
2020 771 2221 810 contractis
2245 771 2339 817 suis,
2368 780 2467 819 quos

208 837 285 875 late
311 836 423 874 antea
441 833 695 883 disposuerat,
720 841 851 874 versus
867 830 1115 881 Munychiam
1139 842 1183 870 se
1204 831 1370 881 recepit:
1395 831 1527 871 hostes
1553 833 1672 882 sequi,
1700 844 1828 882 pugna
1855 833 1900 872 fit
1922 834 1962 872 in
1988 834 2058 878 via,
2085 842 2182 882 quae
2208 833 2257 871 ad
2277 833 2465 882 templum

207 899 353 938 Dianae
371 896 599 946 Munychiae
626 895 784 941 ferebat,
810 895 849 933 in
875 895 959 944 ipso
986 895 1127 933 montis
1153 894 1211 933 vel
1238 895 1346 934 collis
1372 905 1544 941 ascensu,
1572 897 1636 944 qui
1662 899 1746 935 erat
1771 897 1811 935 in
1835 896 2036 947 peninsula
2061 895 2287 946 Munychiae
2315 896 2468 935 exsules

207 972 297 1001 cum
322 961 491 1000 hostium
514 959 702 1008 impetum
727 957 941 1007 fregissent,
979 960 1356 1007 persequunturreos
1387 957 1437 996 ad
1463 958 1574 1007 plana
1607 958 1700 997 loca.
1751 958 1983 1000 Nominatim
2010 959 2231 1008 Xenophon
2255 959 2366 998 affert
2390 959 2466 996 duo

214 1035 238 1063 e
257 1024 411 1072 triginta
434 1024 479 1061 et
500 1031 622 1060 unum
645 1031 805 1066 eorum,
840 1020 906 1069 qui
940 1022 1052 1059 antea
1077 1020 1226 1060 Piraeei
1252 1019 1458 1060 decemviri
1484 1020 1652 1066 fuerant,
1679 1021 1920 1067 interfectos,
1954 1025 2108 1071 praeter
2133 1022 2204 1062 hos
2232 1022 2470 1071 septuaginta

209 1087 341 1126 hostes
368 1095 453 1125 esse
481 1094 627 1130 caesos.
662 1083 782 1123 caesis
820 1093 927 1123 arma
972 1082 1162 1133 adempta,
1205 1085 1329 1123 vestes
1365 1083 1528 1129 relictas,
1564 1083 1614 1122 de
1639 1094 1747 1122 more
1773 1084 1946 1123 inducias
1980 1084 2095 1125 factas
2129 1085 2179 1125 ad
2205 1095 2339 1127 caesos
2364 1084 2470 1123 colli·

208 1148 367 1199 gendos,
392 1147 594 1195 uia-iusque
618 1146 736 1195 partis
764 1145 905 1186 multos
931 1145 1032 1184 inter
1058 1156 1100 1183 se
1127 1145 1350 1191 collocutos,
1386 1145 1622 1185 Cleocritum
1648 1146 1838 1194 quendam
1863 1147 1913 1186 de
1942 1158 2038 1195 pace
2064 1148 2235 1187 facienda
2263 1148 2471 1190 monuisse,

207 1206 405 1261 postremo
432 1208 550 1251 XXX
575 1210 827 1258 tyrannorum
864 1208 931 1257 qui
971 1210 1217 1257 superessent
1249 1219 1340 1249 suos
1366 1208 1568 1249 reduxisse
1593 1209 1632 1248 in
1659 1209 1807 1248 urbem.
1872 1208 1931 1249 De
1954 1209 2014 1249 his
2041 1220 2117 1249 una
2144 1211 2185 1249 in
2209 1221 2253 1250 re
2279 1210 2473 1259 discrepat

207 1272 425 1318 Diodorus,
466 1282 556 1312 nam
601 1273 689 1321 post
721 1271 882 1320 rejectas
906 1272 1156 1320 tyrannorum
1193 1271 1323 1321 copias
1358 1271 1511 1310 exsules
1553 1273 1685 1310 auctos
1721 1281 1858 1321 magna
1895 1282 2029 1310 eorum
2063 1273 2193 1321 copia,
2235 1273 2301 1320 qui
2328 1272 2376 1310 ad
2402 1282 2470 1309 eos

208 1337 436 1376 transissent
460 1336 501 1373 et
524 1334 696 1383 undique
722 1334 771 1373 ad
798 1344 866 1373 eos
893 1333 1188 1379 confluxissent,
1224 1334 1414 1383 impetum
1440 1334 1575 1373 fecisse
1600 1335 1640 1373 in
1666 1333 1796 1373 hostes
1824 1336 1864 1373 et
1895 1335 2039 1374 vicisse.
2079 1334 2180 1375 Cum
2213 1334 2301 1380 hac,
2329 1336 2362 1373 si
2391 1346 2470 1374 non

209 1400 314 1446 fusa,
341 1401 381 1439 at
408 1397 596 1448 explicata
621 1397 810 1437 memoria
827 1395 1116 1446 Xenophontis,
1142 1396 1247 1447 ejus,
1274 1397 1339 1447 qui
1364 1396 1610 1439 Atheniensis
1637 1397 1720 1447 ipse
1744 1397 1878 1448 reique
1902 1397 2072 1437 militaris
2099 1397 2199 1437 bene
2223 1407 2365 1448 gnarus
2390 1396 2473 1436 illas

208 1473 271 1503 res
310 1461 474 1507 viderat,
515 1461 555 1501 si
595 1459 811 1501 Cornelii
855 1460 1188 1499 narrationem
1237 1460 1600 1507 contendimus,
1647 1460 1764 1500 haec
1813 1460 2003 1509 quidem
2047 1461 2268 1506 obscura,
2307 1471 2469 1499 manca

209 1526 505 1572 incertaque
530 1523 675 1562 dehet
700 1523 869 1562 videri.
921 1521 1021 1562 Cum
1056 1523 1177 1563 semel
1200 1523 1446 1573 Munychiam
1491 1525 1685 1564 statuisset
1717 1524 1905 1564 munitam
1929 1525 2129 1572 operibus,
2165 1524 2337 1573 priorem
2364 1534 2470 1562 erro·

207 1599 292 1628 rem
318 1586 381 1627 hic
407 1586 504 1627 alter
530 1586 696 1636 excipit,
722 1587 767 1626 ut
793 1587 1051 1636 oppugnatam
1078 1584 1197 1633 dicat;
1223 1584 1329 1626 addit
1367 1586 1430 1627 bis
1469 1588 1740 1638 oppugnatam.
1792 1586 1851 1627 De
1887 1585 2006 1626 effusa
2039 1585 2127 1637 fuga
2160 1585 2254 1626 nihil
2288 1585 2395 1637 apud
2418 1585 2467 1625 X.

207 1661 281 1690 nec
303 1649 409 1700 apud
435 1649 554 1692 alium
592 1649 838 1699 scriptorem,
856 1686 859 1689 .
877 1658 950 1688 nec
976 1648 1025 1688 de
1058 1649 1174 1688 armis
1208 1649 1566 1699 impedimentisque
1599 1650 1760 1690 amissis.
1812 1649 1892 1698 Qui
1932 1660 2131 1694 caesorum
2169 1650 2469 1699 colligendorum

208 1723 343 1752 caussa
368 1713 600 1758 consistunt,
627 1722 706 1751 non
729 1713 820 1753 sunt
844 1711 885 1749 in
902 1711 992 1760 fuga
1011 1711 1141 1750 effusa.
1194 1711 1294 1751 Cum
1312 1713 1412 1751 caesi
1430 1713 1546 1752 armis
1564 1715 1777 1758 exuuntur,
1804 1724 1884 1751 non
1910 1713 2136 1751 amittuntur
2153 1724 2258 1751 arma
2283 1712 2469 1750 omnium.

209 1775 270 1817 Ad
299 1775 442 1816 victum
467 1785 568 1824 quae
593 1775 848 1825 pertinerent,
875 1784 899 1813 a
923 1772 1235 1815 Lacedaemoniis
1262 1775 1497 1826 ceterisque,
1533 1776 1599 1826 qui
1639 1786 1727 1815 cum
1762 1774 1881 1815 XXX
1914 1775 2083 1826 tyrannis
2122 1775 2311 1821 exierant,
2349 1773 2471 1812 multa

209 1848 295 1877 esse
320 1848 452 1877 secum
478 1837 572 1884 lata,
599 1837 822 1876 incredibile
849 1838 920 1876 est.
977 1835 1192 1883 Diodorus,
1232 1838 1298 1887 qui
1330 1838 1388 1878 bis
1415 1848 1644 1878 concursum
1671 1848 1757 1877 esse
1782 1840 1936 1884 narrat.
1971 1838 2111 1878 Critiae
2147 1841 2276 1877 tamen
2311 1837 2472 1877 caedem

208 1901 258 1940 ad
285 1901 456 1950 priorem
481 1910 711 1942 coneursum
737 1900 877 1946 refert,
904 1910 1021 1950 quem
1046 1911 1169 1942 unum
1194 1900 1245 1940 X.
1274 1904 1449 1948 annotat3
1475 1900 1634 1943 Critiam
1661 1902 1769 1951 quasi
1795 1902 1988 1951 singulare
2015 1904 2209 1940 certamen
2234 1911 2325 1940 cum
2351 1899 2472 1938 Thra-

208 1963 345 2013 sybulo
370 1963 504 2010 inisse,
531 1964 686 2013 praeter
709 1961 899 2013 Nepotem
923 1973 1039 2007 nemo
1067 1961 1195 2004 tradit.
1256 1962 1466 2014 Postquam
1491 1963 1673 2006 Piraeeus
1700 1964 1747 2004 ab
1774 1964 1969 2004 exsulibus
2000 1965 2131 2013 captus
2158 1964 2238 2009 est,
2275 1961 2473 2013 Lysander

209 2025 455 2077 optimatibus
482 2025 683 2066 celerrime
708 2025 852 2065 auxilio
878 2025 1002 2070 venit,
1020 2024 1228 2065 Piraeeum
1253 2028 1357 2064 terra
1382 2027 1560 2076 marique
1583 2027 1731 2072 clausit,
1757 2037 1921 2075 eosque,
1948 2027 2012 2074 qni
2031 2027 2071 2063 in
2087 2026 2252 2066 Piraeeo
2276 2028 2397 2068 erant,
2424 2026 2466 2061 in

208 2100 403 2132 summum
429 2088 635 2132 discrimen
671 2089 845 2131 adduxit.
915 2087 992 2128 Sed
1018 2088 1214 2138 Lysandro
1254 2089 1359 2128 brevi
1391 2089 1598 2130 Pausanias
1629 2091 1868 2140 supervenit,
1907 2090 1984 2129 sive
2017 2088 2157 2131 invidia
2194 2088 2350 2133 duetus»,
2390 2086 2470 2126 sive

209 2150 314 2201 quod
339 2150 632 2199 Lacedaemonii
658 2150 843 2201 Lysandri
869 2151 1136 2195 auctoritatem
1162 2151 1369 2198 timebant,
1394 2153 1601 2202 omniaque
1626 2153 1723 2203 egit,
1749 2155 1793 2194 ut
1828 2153 1928 2193 inter
1961 2150 2254 2192 Atheniensium
2283 2149 2471 2191 factiones

209 2213 441 2255 conveniret.
493 2212 683 2255 Pausania
716 2213 943 2256 conciliante
981 2213 1022 2252 in
1056 2213 1218 2262 gratiam
1253 2214 1453 2255 redierunt
1487 2215 1548 2254 his
1573 2216 1695 2255 tribus
1734 2215 2035 2259 condicionibus,
2080 2216 2127 2255 ut
2149 2223 2255 2255 arma
2280 2216 2472 2262 ponerent

210 2276 384 2324 ultuma,
411 2277 457 2315 Ui·
481 2275 530 2320 &d
556 2285 626 2317 Su&
649 2275 816 2324 quisque
843 2275 1008 2321 rediret,
1036 2276 1210 2329 exceptis
1232 2276 1351 2319 XXX
1375 2279 1566 2327 tyrannis,
1602 2277 1866 2317 undecimviris
1893 2278 1932 2315 et
1957 2275 2203 2320 decemviris,
2238 2275 2306 2323 qui
2341 2275 2380 2313 in
2406 2274 2470 2314 Pi-

208 2349 325 2381 raeeo
344 2337 535 2382 dominati
567 2340 696 2384 erant3
721 2338 788 2387 qui
813 2349 894 2382 non
919 2338 1013 2382 satis
1035 2339 1119 2381 ulto
1144 2338 1186 2380 in
1202 2338 1430 2390 urbefposse
1448 2351 1533 2380 esse
1550 2340 1786 2385 viderentur,
1811 2338 1993 2379 Eleusina
2015 2337 2325 2387 commigrarent.
2369 2335 2467 2385 Qui·

210 2400 282 2439 bus
305 2400 530 2443 constitutis>
552 2409 577 2439 e
593 2399 754 2441 Piraeeo
778 2400 935 2440 exsules
959 2400 1000 2440 iu
1025 2401 1163 2443 urbem
1188 2404 1394 2447 venerunt,
1419 2402 1617 2441 Minervae
1643 2410 1748 2441 sacra
1774 2402 1968 2446 feeemnt,
2004 2404 2087 2439 tum
2112 2399 2371 2447 Thrasybulus
2397 2410 2469 2448 pro

210 2462 398 2506 concione
412 2462 530 2503 verba
553 2461 870 2512 feciubonoqm
895 2462 1024 2506 animo
1046 2463 1162 2512 jussit
1187 2463 1287 2504 cives
1315 2471 1400 2504 esse
1418 2466 1458 2503 et
1482 2465 1646 2514 antiquis
1672 2464 1739 2502 uti·
1755 2463 1917 2512 legibus.
1971 2462 2120 2509 Quibus
2145 2461 2253 2500 factis
2270 2462 2470 2511 magistra·

209 2528 281 2566 tus.
298 2525 490 2569 crannum
541 2524 647 2571 Post,
666 2525 738 2575 'qui
760 2525 841 2575 jam
863 2524 1027 2569 Athenis
1048 2527 1195 2572 erant,
1210 2526 1397 2568 certiores
1419 2528 1511 2567 sunt
1535 2526 1643 2573 tacti,
1673 2526 1861 2569 >Eleusina
1876 2525 2017 2575 copias
2043 2524 2140 2574 cogi.
2193 2523 2329 2574 ltaque
2353 2524 2468 2563 Eleu-

210 2587 295 2626 sina
321 2586 498 2630 omnibns
525 2588 646 2636 copiis
684 2587 845 2637 profecti
878 2587 995 2629 duces
1025 2586 1074 2627 ad
1100 2587 1335 2636 colloquium
1359 2591 1537 2630 evocatos
1564 2588 1761 2634 occidunt,
1796 2588 1943 2630 amicos
1971 2586 2287 2635 necessariosque
2311 2586 2361 2625 ad
2386 2597 2465 2630 eos,

212 2649 277 2700 qui
316 2649 499 2694 Eleusine
533 2651 664 2697 erant,
691 2650 879 2695 miserunt
903 2650 1006 2701 pacis
1032 2658 1183 2697 caussa,
1209 2659 1304 2700 pace
1338 2649 1436 2692 facta
1467 2651 1663 2702 jurarunt,
1700 2650 1936 2701 injuriarum
1951 2658 1994 2689 se
2028 2649 2278 2691 immemores
2304 2649 2464 2688 futuros.

210 2712 340 2757 lnhis
361 2711 662 2763 Xenophonteia
687 2714 816 2754 omnia
841 2715 922 2753 tam
947 2715 1036 2756 sunt
1060 2715 1148 2764 apta
1168 2713 1271 2757 inter
1295 2724 1339 2754 se
1365 2716 1407 2754 et
1430 2714 1712 2760 convenientia,
1749 2716 1793 2753 ut
1817 2711 1985 2752 veritatis
2020 2714 2153 2753 notam
2187 2712 2330 2752 habere
2362 2711 2466 2750 vide-

210 2777 336 2819 antur.
386 2775 581 2822 Remotis,
608 2776 674 2825 qui
699 2776 740 2818 in
762 2787 918 2821 summo
952 2777 1041 2820 odio
1071 2776 1243 2823 fixerant,
1295 2777 1414 2816 ceteri
1453 2777 1553 2816 cives
1596 2778 1850 2819 communiter
1889 2774 2116 2817 videbantur
2154 2786 2239 2818 rem
2278 2774 2468 2825 publicam

212 2837 510 2889 posse-hahere,
549 2839 584 2878 si
610 2839 688 2889 qui·
710 2841 850 2882 tamen·
880 2839 930 2882 de
955 2840 1077 2881 salute
1109 2839 1259 2883 solliciti
1285 2841 1429 2885 essent,
1469 2840 1516 2878 iis
1538 2849 1785 2885 concessum,
1822 2840 1868 2878 ut
1886 2837 2073 2879 Eleusina
2105 2849 2149 2878 se
2173 2837 2392 2877 conferrent
2415 2840 2466 2882 et,

212 2911 311 2949 quae
327 2901 372 2942 inv
394 2902 493 2942 urbe
513 2904 737 2951 agerentur,
763 2903 917 2945 interim
945 2904 1036 2947 inde
1061 2903 1319 2944 observarent.
1370 2902 1405 2942 E
1430 2903 1570 2943 ceteris
1598 2902 1866 2957 seriptpribus‚
1893 2902 1960 2951 qui
1986 2901 2123 2945 harum
2146 2912 2277 2940 renim
2301 2900 2466 2940 mentio·

212 2975 303 3011 nem
328 2963 483 3012 faciunt,
506 2976 610 3018 >unus
641 2964 858 3008 Andocides
885 2965 935 3009 de
957 2968 1070 3018 myst.
1096 2969 1119 3014 s
1137 2963 1184 3008 81
1213 2964 1333 3027 Bekk.
1358 2966 1494 3017 'potest
1522 2965 1646 3009 videri
1684 2974 1774 3007 cum
1812 2963 2074 3017 Xenophonte
2111 2962 2332 3011 dissentire;
2373 2961 2466 3003 dicit
