2679 3283
1310 57 1339 103 5

201 188 331 220 rarum
358 175 530 229 gentium
557 173 673 215 duces
701 174 851 214 norant.
903 170 1036 222 Pergis
1064 170 1137 210 sic.
1166 169 1315 220 CuJ‘us
1343 170 1399 210 de
1425 170 1689 210 virtutibus
1717 171 1905 216 dubito,
1947 173 2347 222 quemadmodum
2373 186 2452 212 ex·

200 251 391 292 ponam,
428 237 554 288 quod
587 245 784 280 vereor,
831 233 868 272 si
903 244 982 272 res
1010 232 1256 284 explicare
1291 233 1542 283 incipiam,
1581 243 1639 272 ne
1665 244 1760 273 non
1786 234 1934 274 vitam
1969 235 2068 285 eJ‘us
2096 246 2346 281 enarrare,
2374 237 2453 275 sed

200 303 462 344 historiam
488 300 651 339 videar
677 286 907 336 scribere.
960 295 1105 335 Verum
1132 295 1206 334 hoc
1230 294 1383 345 quidem
1410 298 1486 341 est,
1521 295 1683 335 aliorum
1717 297 1833 335 vitam
1866 298 1975 347 quasi
2011 299 2199 348 quandam
2234 309 2454 350 expressam

199 366 408 416 imaginem
435 375 520 404 esse
547 372 652 405 suae
665 360 799 399 aetatis
823 369 1052 408 rerumque,
1080 358 1216 407 quibus
1241 358 1516 404 interfuerunt,
1544 359 1705 397 aliorum
1731 361 1846 398 vitam
1873 372 1942 399 suo
1969 362 2126 399 consilio
2152 373 2298 412 suaque
2324 363 2456 401 zolun-

201 431 281 470 tate
306 427 390 478 regi
418 436 463 468 ac
479 421 666 470 fortnari,
692 424 737 462 ut
762 420 837 469 illi,
862 421 936 462 nisi
963 420 1067 461 omni
1093 420 1277 472 temporis
1301 421 1448 465 ratione
1475 420 1693 472 explanata,
1719 423 1808 463 satis
1835 424 2043 465 existimari
2070 435 2149 465 non
2173 427 2334 475 possint,
2367 425 2406 465 bi
2435 437 2457 464 e

206 493 286 529 suis
313 491 424 528 dictis
450 489 643 535 rebusque
668 489 773 524 recte
800 485 1034 522 indicentur:
1061 484 1130 522 sed
1157 484 1248 533 quid
1274 483 1349 523 hoc
1373 484 1422 523 ad
1447 483 1694 535 Pelopidam?
1759 485 1801 524 ln
1834 486 2070 526 Alcibiadem
2105 485 2205 526 bene
2244 487 2455 528 conveniat.

201 553 306 603 Quid
332 551 475 604 porro?
554 550 598 589 ln
624 551 741 588 tuane
766 547 973 597 Pelopidae
999 547 1074 586 vita
1100 546 1230 586 videre
1265 546 1369 592 licet,
1396 550 1538 595 quanto
1565 558 1684 597 opere
1727 547 1873 587 sudaris
1900 553 1941 588 et
1966 550 2119 595 alseris,·
2151 551 2268 588 vitam
2293 556 2336 589 ut
2362 553 2455 590 scri-

197 617 331 661 beres,
357 625 437 654 non
462 611 688 651 historiam?
741 608 843 650 Nihil
870 610 1008 649 minus.
1060 609 1137 649 Res
1164 608 1264 659 ejuS‚
1292 619 1391 659 quae
1417 610 1684 650 memorabiles
1710 610 1885 657 suerunt,
1903 612 2020 652 verbo
2046 613 2169 662 tangis
2197 624 2230 653 c.
2249 614 2294 658 4;
2321 614 2450 653 multis

196 679 356 718 versaris
383 677 423 714 in
449 685 493 714 re
519 673 771 724 explananda,
798 673 876 718 cui,
905 681 1135 722 quamquam
1161 669 1363 721 Pelopidas
1390 671 1560 710 intermit
1586 672 1792 711 admodum
1820 672 2057 721 adolescens,
2085 675 2117 715 si
2136 675 2453 726 Xenophontem,

198 740 462 793 gravissimum
488 737 640 784 testem,
671 735 804 782 audis,
842 738 948 775 certe
989 746 1069 774 non
1105 734 1282 785 praefuit.
1334 734 1405 774 Est
1430 733 1634 784 Pelopidae
1661 737 1733 776 vita
1760 740 1826 776 tua
1853 736 1957 783 talis,
1998 738 2126 787 quales
2153 740 2323 788 reliquae
2350 742 2454 778 tuae.

199 804 259 843 De
285 802 360 841 alio
387 801 478 841 vitio
505 800 618 849 hujus
655 796 899 848 praefationis
938 800 1027 849 post
1059 797 1248 840 dicemus:
1275 797 1314 837 h.
1342 797 1366 836 Ι.
1392 796 1681 848 perstringenda
1716 802 1803 839 sunt
1830 799 1982 839 ultima:
2034 800 2199 851 ltaque
2218 824 2269 829 ——
2283 824 2334 830 —-
2360 813 2454 841 me-

196 866 353 905 debor
396 874 497 904 cum
537 862 763 901 satietati
812 864 909 900 tum
953 860 1267 912 ignorantiae
1311 861 1564 900 lectorum.
1614 861 1854 911 Ignorantiae
1893 864 1948 903 vis
1983 863 2155 903 mederi?
2209 864 2313 913 Quid
2354 865 2452 904 hoc?

194 928 438 978 Ignorantiae
464 925 663 964 hominum
690 922 886 970 medetur,
922 925 986 974 qui
1014 924 1171 973 expellit
1196 934 1302 969 eam,
1347 924 1413 973 qui
1457 934 1507 962 ex
1545 924 1683 972 ignaris
1715 924 1844 963 reddit
1877 926 1975 965 bene
2002 936 2155 976 gnaros.
2206 927 2249 965 Id
2275 927 2452 972 noluisti;

195 995 329 1030 contra
354 987 498 1037 aliquid
524 987 617 1026 dare
643 987 881 1036 ignorantiae
907 987 1096 1025 lectorum
1121 985 1160 1024 h.
1178 996 1212 1024 e.
1238 986 1290 1023 ita
1317 986 1509 1030 scribere,
1535 988 1580 1023 ut
1605 985 1662 1023 vel
1687 996 1819 1024 rerum
1846 984 2077 1026 Graecarum
2104 989 2227 1038 ignari
2244 989 2451 1038 Pelopidae

197 1062 261 1092 res
288 1050 569 1101 intellegerent.
621 1047 706 1088 Hoc
731 1058 811 1088 non
836 1050 896 1088 est
921 1047 1158 1099 ignorantiae
1184 1047 1343 1088 mederi.
1396 1046 1504 1088 Idem
1530 1046 1691 1087 satietati
1717 1047 1771 1087 w's
1797 1046 1958 1087 mederi.
2011 1049 2181 1089 Satietati
2206 1062 2296 1090 cum
2323 1052 2451 1090 mede-

194 1126 299 1159 mur,
325 1122 567 1152 removemus
594 1121 699 1156 eam,
740 1112 783 1149 ut
808 1120 941 1150 rursus
968 1114 1122 1161 gustare
1149 1111 1240 1160 quid
1267 1110 1408 1161 possit,
1455 1106 1516 1149 cui
1542 1108 1718 1148 medicati
1753 1120 1895 1149 sumus.
1975 1110 2035 1149 Tu
2069 1115 2195 1152 autem
2230 1113 2359 1153 dicere
2386 1126 2451 1152 vo-

194 1177 317 1217 lebas:
344 1175 506 1221 cavebo,
533 1184 583 1214 ne
610 1174 763 1214 satietas
789 1184 856 1213 vos
883 1174 1018 1224 capiat.
1069 1173 1256 1213 Nolumus
1293 1173 1423 1212 omnia
1455 1175 1522 1211 tua
1547 1172 1725 1224 persequi
1760 1172 1916 1212 exordia
1955 1185 2153 1225 unumque
2194 1176 2233 1215 id
2259 1177 2446 1223 addimus,

195 1252 273 1289 quo
300 1237 521 1278 Hannibalis
548 1235 663 1275 vitam
690 1237 853 1282 ornasti,
882 1238 913 1275 si
940 1238 1095 1287 quidem
1123 1238 1277 1276 ornasti.
1330 1236 1563 1275 siverum
1590 1238 1681 1281 est,
1708 1237 1856 1284 inquis,
1905 1236 2031 1285 quod
2070 1247 2203 1276 nemo
2244 1238 2452 1285 dubitat,

197 1305 249 1344 ut
274 1300 741 1353 populus-Romanus
768 1310 934 1341 omnes
961 1301 1134 1350 gentes
1160 1299 1341 1340 virtute
1368 1298 1640 1349 superarit,
1673 1310 1767 1338 non
1793 1302 1868 1337 est
1901 1299 2235 1346 infitiandum,
2270 1293 2452 1341 Hanni-

196 1365 354 1404 balem
380 1364 515 1402 tanto
542 1362 856 1414 praestitisse
883 1364 1078 1402 ceteros
1106 1362 1428 1413 imperatores
1462 1361 1743 1413 prudentia,
1778 1362 1955 1412 quanto
1981 1362 2193 1413 populus
2220 1361 2454 1405 Romanus

196 1428 452 1468 antecedat
477 1426 772 1465 fortitudine
798 1428 994 1464 cunctas
1018 1425 1258 1464 nationes.
1311 1425 1416 1474 Quid
1442 1426 1521 1471 est,
1549 1424 1653 1474 quod
1680 1423 1873 1463 declarare
1897 1425 1976 1464 vis?
2020 1424 2236 1474 Summam,
2263 1427 2303 1466 ni
2331 1427 2452 1473 fallor,

197 1489 421 1531 Hannibalis
447 1488 702 1543 prudentiam.
754 1489 882 1538 Atque
907 1488 983 1528 hoc
1008 1489 1077 1527 tibi
1101 1489 1242 1528 volenti
1274 1500 1424 1532 summa
1463 1489 1689 1527 occurrebat
1727 1489 1858 1537 populi
1897 1488 2058 1527 Romani
2084 1490 2223 1535 virtus,
2259 1492 2452 1539 cogitabas

193 1554 311 1604 igitur
337 1552 483 1598 dicere,
508 1552 654 1590 tantam
680 1549 902 1591 Hannibalis
929 1550 1047 1590 fuisse
1072 1550 1333 1601 prudentiam,
1360 1553 1500 1601 quanta
1531 1549 1796 1590 Romanorum
1831 1552 1933 1589 esset
1965 1550 2092 1589 virtus.
2151 1553 2202 1590 At
2233 1551 2329 1591 haec
2362 1565 2453 1605 pru-

193 1616 347 1656 dentiae
373 1613 600 1665 significatio
627 1612 800 1654 nondum
825 1612 993 1663 perfecta
1019 1613 1089 1653 tibi
1114 1612 1328 1659 videbatur,
1354 1613 1519 1653 addebas
1546 1614 1681 1663 igitur:
1708 1625 1842 1652 omnes
1870 1616 2002 1662 gentes
2019 1616 2157 1653 virtute
2184 1625 2268 1654 esse
2293 1627 2451 1665 supera-

197 1681 255 1717 tas
282 1689 304 1717 a
329 1677 534 1723 Romanis,
561 1676 654 1716 item
679 1674 820 1729 omnes
841 1677 1092 1727 imperatores
1118 1676 1166 1716 ab
1192 1674 1404 1717 Hannibale
1429 1675 1658 1727 prudentia„
1695 1675 1800 1723 Haec
1827 1675 1898 1715 etsi
1925 1675 2041 1715 nimia
2067 1678 2166 1723 sunt,
2192 1679 2295 1717 recta
2321 1680 2453 1718 tamen

193 1752 264 1790 per
290 1751 332 1780 se
358 1741 447 1779 sunt
471 1750 545 1779 nec
570 1750 660 1778 cum
685 1740 834 1778 ratione
859 1740 1043 1789 pugnant.
1095 1738 1241 1778 Verum
1267 1740 1419 1778 subiicis
1444 1739 1540 1777 haec
1565 1739 1655 1778 huic
1681 1738 1917 1778 condicioni:
1944 1739 1976 1777 si
2001 1748 2154 1785 verum,
2189 1741 2373 1789 populum
2400 1741 2449 1780 R.

194 1813 329 1844 omnes
356 1803 491 1853 gentes
517 1802 655 1842 virmte
690 1811 902 1852 superasse.
954 1800 1103 1852 Ecquid
1129 1813 1152 1842 e
1177 1801 1439 1841 Romanorum
1473 1801 1612 1840 virtute
1645 1804 1733 1851 apta
1767 1804 1827 1840 est
1862 1800 2082 1841 Hannibalis
2108 1803 2337 1851 prudentia?
2391 1805 2450 1842 vel

196 1877 247 1904 ex
274 1876 343 1911 eo,
370 1863 474 1915 quod
499 1863 664 1903 Romani
691 1874 827 1903 omnes
854 1866 987 1914 gentes
1013 1865 1152 1903 virtute
1178 1865 1426 1915 superarunt,
1454 1862 1493 1903 id
1519 1863 1649 1910 fluxit,
1676 1866 1721 1903 ut
1746 1863 1794 1903 H.
1812 1873 1945 1903 omnes
1972 1864 2220 1914 imperatores
2247 1864 2450 1916 prudentia

191 1928 389 1968 vinceret?
440 1925 543 1967 Nihil
570 1929 646 1973 est,
674 1937 751 1976 quo
777 1926 874 1966 haec
899 1927 999 1966 inter
1024 1938 1066 1966 se
1093 1928 1370 1967 contineantur.
1421 1927 1516 1967 Post
1543 1927 1675 1976 Judicii
1702 1928 1758 1966 tui
1783 1938 1954 1966 caussam
1980 1928 2165 1966 annectis:
2192 1927 2227 1967 N
2236 1939 2305 1967 am
2332 1940 2449 1979 quo·

194 1992 482 2040 tiescunque
508 2000 613 2029 cum
640 1999 698 2029 eo
726 2000 1019 2040 congressus
1047 1992 1121 2030 est
1147 1991 1191 2030 in
1217 1989 1386 2036 Italia,
1422 2000 1614 2039 semper
1639 1990 1872 2028 discessit
1896 1990 2131 2038 superior.
2185 1989 2292 2038 Quid
2310 2002 2358 2030 ex
2376 1992 2450 2030 hoc

192 2056 299 2092 recte
337 2052 606 2091 concluditur?
671 2051 788 2089 Potes
827 2050 921 2096 hoc,
962 2052 993 2089 si
1020 2052 1133 2090 libet:
1184 2051 1437 2090 Hannibalem
1462 2051 1691 2090 Romanis
1731 2051 1887 2089 ducibus
1927 2051 2165 2100 superiorem
2204 2051 2320 2091 fuisse
2359 2052 2448 2092 belli

192 2113 370 2160 scientia,
395 2113 553 2159 virtute,
580 2113 827 2159 auctoritate,
854 2113 1051 2159 felicitate;
1086 2113 1135 2153 de
1161 2114 1298 2153 ceteris
1334 2115 1625 2164 imperatoribus
1659 2116 1812 2163 praeter
1843 2113 2079 2151 Romanos
2113 2114 2210 2152 nihil
2240 2116 2448 2164 quidquam

190 2179 299 2227 potes
335 2174 528 2226 colligere.

318 2239 425 2278 Talia
450 2240 568 2287 igitur
594 2240 684 2277 sunt
709 2238 867 2276 exordia
893 2241 982 2283 tua,
1010 2237 1182 2284 Corneli;
1219 2240 1356 2278 buccas
1388 2239 1518 2284 inflas,
1553 2239 1707 2287 exitque
1741 2240 1915 2283 v‚entosa
1949 2240 1993 2275 ut
2028 2239 2082 2277 ita
2116 2239 2255 2284 dicam,
2292 2242 2332 2278 et
2358 2251 2449 2279 vana

191 2299 395 2341 verborum
419 2299 537 2340 natio.

319 2363 365 2401 In
381 2362 608 2412 Thrasybuli
635 2362 796 2401 exordio
815 2372 1047 2411 quamquam
1072 2373 1151 2402 non
1176 2373 1269 2401 sane
1293 2372 1413 2412 pauca
1440 2360 1655 2412 castiganda
1681 2363 1807 2407 erant,
1834 2338 2052 2411 gravissima
2078 2362 2208 2401 tamen
2225 2364 2316 2403 nota
2334 2363 2448 2416 digna

193 2426 301 2470 sunt,
328 2436 427 2474 quae
457 2424 507 2464 de
532 2424 688 2474 triginta
713 2427 964 2474 tyrannorum
990 2435 1262 2474 oppressorum
1288 2424 1400 2463 laude
1421 2424 1528 2472 J'acis.
1579 2426 1707 2473 Atque
1733 2424 1807 2462 hoc
1832 2423 1948 2463 fatale
1972 2424 2039 2461 tibi
2071 2424 2219 2463 videtur
2245 2425 2377 2473 fuisse,
2403 2431 2449 2466 ut

194 2486 233 2525 in
273 2486 448 2528 libertate
489 2486 677 2527 laudanda
715 2485 858 2537 aliquid
900 2486 968 2526 tibi
1008 2486 1198 2526 acciderlt.
1273 2486 1317 2526 In
1355 2486 1661 2526 Timoleonte
1700 2486 1883 2536 proferis:
1947 2485 2159 2535 Namque
2213 2487 2325 2528 huic
2365 2492 2446 2529 uni

194 2550 412 2599 contigit,
454 2550 582 2600 quod
613 2550 786 2589 nescio
826 2560 882 2588 an
916 2548 1067 2594 nulli,
1105 2552 1156 2588 ut
1195 2550 1242 2587 et
1278 2548 1507 2598 patriam,
1560 2549 1607 2587 in
1646 2559 1734 2598 qua
1776 2551 1881 2588 erat
1920 2550 2075 2593 natus,
2115 2559 2396 2601 oppressam
2423 2563 2445 2590 a

195 2611 407 2660 tyranno
446 2612 706 2659 liberaret,
746 2614 795 2652 et
832 2623 855 2651 a
889 2610 1162 2662 Syracusis,
1202 2612 1374 2662 quibus
1413 2611 1594 2651 auxilio
1630 2614 1734 2651 erat
1771 2612 1959 2655 missus,
1994 2610 2091 2659 jam
2127 2613 2445 2653 inveteratam

196 2673 482 2715 servitutem
519 2674 810 2725 depelleret.
846 2676 1019 2713 Acumen
1044 2676 1154 2713 tuum
1179 2674 1425 2724 studiumque
1450 2685 1500 2713 an
1518 2672 1747 2713 modestiam
1771 2673 1889 2723 pluris
1911 2671 2113 2720 faciamus,
2141 2675 2275 2714 incerti
2301 2687 2445 2715 sumus.

198 2731 353 2781 Quanto
375 2735 679 2778 enim-acumine
706 2739 926 2787 quantoque
954 2746 1050 2788 opus
1068 2739 1151 2776 erat
1174 2743 1306 2776 rerum
1334 2739 1529 2788 gestarum
1554 2735 1702 2784 studio,
1728 2739 1772 2775 ut
1797 2736 1870 2775 hoc
1897 2733 2116 2786 detegeres,
2143 2738 2182 2776 in
2208 2749 2335 2777 rerum
2362 2749 2444 2779 me·

196 2796 317 2835 moria
341 2807 421 2837 non
446 2800 609 2849 reperiri
635 2799 829 2847 alterum,
845 2800 911 2850 qui
938 2802 978 2840 et
1002 2801 1164 2851 patriam
1190 2803 1229 2840 et
1254 2799 1458 2851 Syracusas
1483 2800 1686 2850 tyrannide
1711 2798 1934 2839 liberasset?
1980 2798 2166 2848 Quaeque
2192 2802 2256 2838 tua
2275 2804 2333 2839 est
2360 2813 2445 2840 mo-

197 2859 338 2903 destia,
364 2862 520 2910 egregie
546 2863 744 2902 inventum
768 2862 945 2902 dubitans
970 2864 1210 2913 pronuncias.
1269 2861 1501 2902 Distinctum
1527 2862 1602 2901 hoc
1628 2862 1728 2901 idem
1764 2860 1966 2899 exordium
1999 2860 2081 2899 aliis
2118 2863 2176 2899 est
2208 2864 2444 2902 ornamentis

194 2919 520 2969 splendidissimis.
570 2923 788 2965 Verborum
815 2925 924 2976 copia
950 2925 1002 2965 ita
1028 2926 1169 2974 affluis,
1195 2928 1238 2965 ut
1264 2926 1368 2976 quod
1393 2926 1433 2965 in
1451 2923 1733 2975 Thrasybulo
1761 2923 1950 2963 subtiliter
1966 2923 2185 2972 scripseris:
2214 2925 2317 2972 quod
2336 2926 2445 2965 multi

1910 3020 1953 3050 ¹.
