<?xml version="1.0" encoding="UTF-8"?>
<!DOCTYPE html PUBLIC "-//W3C//DTD XHTML 1.0 Transitional//EN"
    "http://www.w3.org/TR/xhtml1/DTD/xhtml1-transitional.dtd">
<html xmlns="http://www.w3.org/1999/xhtml" xml:lang="en" lang="en">
 <head>
  <title>
</title>
<meta http-equiv="Content-Type" content="text/html;charset=utf-8" />
  <meta name='ocr-system' content='tesseract 3.04.00' />
  <meta name='ocr-capabilities' content='ocr_page ocr_carea ocr_par ocr_line ocrx_word'/>
</head>
<body>
  <div class='ocr_page' id='page_1' title='image "4769352_0010.png"; bbox 0 0 2561 3333; ppageno 0'>
   <div class='ocr_carea' id='block_1_1' title="bbox 1254 99 1284 142">
    <p class='ocr_par' dir='ltr' id='par_1_1' title="bbox 1254 99 1284 142">
     <span class='ocr_line' id='line_1_1' title="bbox 1254 99 1284 142; baseline 0 0"><span class='ocrx_word' id='word_1_1' title='bbox 1254 99 1284 142; x_wconf 89' lang='grc'>4</span> 
     </span>
    </p>
   </div>
   <div class='ocr_carea' id='block_1_2' title="bbox 134 208 2412 3020">
    <p class='ocr_par' dir='ltr' id='par_1_2' title="bbox 134 208 2412 2017">
     <span class='ocr_line' id='line_1_2' title="bbox 136 208 2405 266; baseline 0 -13"><span class='ocrx_word' id='word_1_2' title='bbox 136 214 347 253; x_wconf 82' lang='lat' dir='ltr'><strong>fortuna</strong></span> <span class='ocrx_word' id='word_1_3' title='bbox 392 212 480 259; x_wconf 88' lang='lat' dir='ltr'><strong>Sed,</strong></span> <span class='ocrx_word' id='word_1_4' title='bbox 507 215 551 252; x_wconf 91' lang='lat' dir='ltr'><strong>ut</strong></span> <span class='ocrx_word' id='word_1_5' title='bbox 571 211 646 253; x_wconf 91' lang='lat' dir='ltr'><strong>hoc</strong></span> <span class='ocrx_word' id='word_1_6' title='bbox 661 212 868 257; x_wconf 80' lang='lat' dir='ltr'><strong>mittamus,</strong></span> <span class='ocrx_word' id='word_1_7' title='bbox 897 210 988 261; x_wconf 93' lang='lat' dir='ltr'><strong>quid</strong></span> <span class='ocrx_word' id='word_1_8' title='bbox 1019 213 1113 258; x_wconf 90' lang='lat' dir='ltr'><strong>erat,</strong></span> <span class='ocrx_word' id='word_1_9' title='bbox 1140 210 1265 262; x_wconf 89' lang='lat' dir='ltr'><strong>curin</strong></span> <span class='ocrx_word' id='word_1_10' title='bbox 1280 208 1518 261; x_wconf 78' lang='lat' dir='ltr'><strong>Thrasybulo</strong></span> <span class='ocrx_word' id='word_1_11' title='bbox 1537 208 1729 250; x_wconf 85' lang='lat' dir='ltr'><strong>fortunam</strong></span> <span class='ocrx_word' id='word_1_12' title='bbox 1755 219 1833 250; x_wconf 90' lang='lat' dir='ltr'><strong>non</strong></span> <span class='ocrx_word' id='word_1_13' title='bbox 1860 212 2120 263; x_wconf 82' lang='lat' dir='ltr'><strong>ponderares?</strong></span> <span class='ocrx_word' id='word_1_14' title='bbox 2154 214 2240 266; x_wconf 89' lang='lat' dir='ltr'><strong>lpse</strong></span> <span class='ocrx_word' id='word_1_15' title='bbox 2258 213 2405 265; x_wconf 81' lang='lat' dir='ltr'><strong>magni-</strong></span> 
     </span>
     <span class='ocr_line' id='line_1_3' title="bbox 136 272 2403 323; baseline -0 -9"><span class='ocrx_word' id='word_1_16' title='bbox 136 278 426 317; x_wconf 83' lang='lat' dir='ltr'><strong>ficentissimum</strong></span> <span class='ocrx_word' id='word_1_17' title='bbox 454 277 534 323; x_wconf 86' lang='lat' dir='ltr'><strong>ejus</strong></span> <span class='ocrx_word' id='word_1_18' title='bbox 562 275 704 314; x_wconf 88' lang='lat' dir='ltr'><strong>factum</strong></span> <span class='ocrx_word' id='word_1_19' title='bbox 730 276 784 312; x_wconf 89' lang='lat' dir='ltr'><strong>vis</strong></span> <span class='ocrx_word' id='word_1_20' title='bbox 812 285 896 312; x_wconf 91' lang='lat' dir='ltr'><strong>esse</strong></span> <span class='ocrx_word' id='word_1_21' title='bbox 923 275 1085 322; x_wconf 89' lang='lat' dir='ltr'><strong>patriam</strong></span> <span class='ocrx_word' id='word_1_22' title='bbox 1104 275 1266 322; x_wconf 82' lang='lat' dir='ltr'><strong>triginta</strong></span> <span class='ocrx_word' id='word_1_23' title='bbox 1296 274 1467 321; x_wconf 73' lang='lat' dir='ltr'><strong>tyrannis</strong></span> <span class='ocrx_word' id='word_1_24' title='bbox 1493 273 1704 310; x_wconf 74' lang='lat' dir='ltr'><strong>liberatam.</strong></span> <span class='ocrx_word' id='word_1_25' title='bbox 1758 272 1983 315; x_wconf 89' lang='lat' dir='ltr'><strong>Secundane</strong></span> <span class='ocrx_word' id='word_1_26' title='bbox 2019 278 2170 316; x_wconf 86' lang='lat' dir='ltr'><strong>fortuna</strong></span> <span class='ocrx_word' id='word_1_27' title='bbox 2196 278 2236 315; x_wconf 93' lang='lat' dir='ltr'><strong>in</strong></span> <span class='ocrx_word' id='word_1_28' title='bbox 2262 277 2333 314; x_wconf 91' lang='lat' dir='ltr'><strong>hac</strong></span> <span class='ocrx_word' id='word_1_29' title='bbox 2358 286 2403 313; x_wconf 89' lang='lat' dir='ltr'><strong>re</strong></span> 
     </span>
     <span class='ocr_line' id='line_1_4' title="bbox 140 334 2403 393; baseline -0.001 -15"><span class='ocrx_word' id='word_1_30' title='bbox 140 350 233 378; x_wconf 89' lang='lat' dir='ltr'><strong>usus</strong></span> <span class='ocrx_word' id='word_1_31' title='bbox 262 341 341 384; x_wconf 90' lang='lat' dir='ltr'><strong>est,</strong></span> <span class='ocrx_word' id='word_1_32' title='bbox 376 350 425 377; x_wconf 87' lang='lat' dir='ltr'><strong>an</strong></span> <span class='ocrx_word' id='word_1_33' title='bbox 451 337 637 377; x_wconf 82' lang='lat' dir='ltr'><strong>adversa?</strong></span> <span class='ocrx_word' id='word_1_34' title='bbox 689 335 792 381; x_wconf 87' lang='lat' dir='ltr'><strong>Hoc,</strong></span> <span class='ocrx_word' id='word_1_35' title='bbox 832 335 937 384; x_wconf 91' lang='lat' dir='ltr'><strong>quod</strong></span> <span class='ocrx_word' id='word_1_36' title='bbox 963 338 1072 375; x_wconf 88' lang='lat' dir='ltr'><strong>tanto</strong></span> <span class='ocrx_word' id='word_1_37' title='bbox 1100 345 1235 384; x_wconf 90' lang='lat' dir='ltr'><strong>opere</strong></span> <span class='ocrx_word' id='word_1_38' title='bbox 1248 334 1465 393; x_wconf 70' lang='lat' dir='ltr'><strong>praedicas,</strong></span> <span class='ocrx_word' id='word_1_39' title='bbox 1509 334 1586 373; x_wconf 90' lang='lat' dir='ltr'><strong>tale</strong></span> <span class='ocrx_word' id='word_1_40' title='bbox 1620 334 1713 380; x_wconf 79' lang='lat' dir='ltr'><strong>fuit,</strong></span> <span class='ocrx_word' id='word_1_41' title='bbox 1749 336 1874 375; x_wconf 90' lang='lat' dir='ltr'><strong>totum</strong></span> <span class='ocrx_word' id='word_1_42' title='bbox 1907 341 1950 377; x_wconf 92' lang='lat' dir='ltr'><strong>ut</strong></span> <span class='ocrx_word' id='word_1_43' title='bbox 1977 350 1999 378; x_wconf 92' lang='lat' dir='ltr'><strong>e</strong></span> <span class='ocrx_word' id='word_1_44' title='bbox 2026 340 2176 379; x_wconf 89' lang='lat' dir='ltr'><strong>fortuna</strong></span> <span class='ocrx_word' id='word_1_45' title='bbox 2207 339 2403 390; x_wconf 85' lang='lat' dir='ltr'>penderet</span> 
     </span>
     <span class='ocr_line' id='line_1_5' title="bbox 134 395 2404 456; baseline -0 -15"><span class='ocrx_word' id='word_1_46' title='bbox 134 401 248 450; x_wconf 80' lang='lat' dir='ltr'><strong>Nives</strong></span> <span class='ocrx_word' id='word_1_47' title='bbox 274 402 345 441; x_wconf 89' lang='lat' dir='ltr'><strong>nisi</strong></span> <span class='ocrx_word' id='word_1_48' title='bbox 373 400 599 441; x_wconf 86' lang='lat' dir='ltr'><strong>cecidissent</strong></span> <span class='ocrx_word' id='word_1_49' title='bbox 638 398 963 448; x_wconf 87' lang='lat' dir='ltr'><strong>opportunissimo</strong></span> <span class='ocrx_word' id='word_1_50' title='bbox 1002 401 1199 448; x_wconf 90' lang='lat' dir='ltr'><strong>tempore,</strong></span> <span class='ocrx_word' id='word_1_51' title='bbox 1240 397 1305 436; x_wconf 91' lang='lat' dir='ltr'><strong>aut</strong></span> <span class='ocrx_word' id='word_1_52' title='bbox 1349 395 1545 456; x_wconf 79' lang='lat' dir='ltr'>Lysandro</span> <span class='ocrx_word' id='word_1_53' title='bbox 1579 397 1792 436; x_wconf 82' lang='lat' dir='ltr'><strong>aemulatus</strong></span> <span class='ocrx_word' id='word_1_54' title='bbox 1826 403 1928 440; x_wconf 92' lang='lat' dir='ltr'><strong>esset</strong></span> <span class='ocrx_word' id='word_1_55' title='bbox 1969 401 2193 449; x_wconf 82' lang='lat' dir='ltr'><strong>Pausanias,</strong></span> <span class='ocrx_word' id='word_1_56' title='bbox 2228 413 2300 442; x_wconf 85' lang='lat' dir='ltr'><strong>nae</strong></span> <span class='ocrx_word' id='word_1_57' title='bbox 2339 400 2404 440; x_wconf 89' lang='lat' dir='ltr'><strong>ille</strong></span> 
     </span>
     <span class='ocr_line' id='line_1_6' title="bbox 136 456 2405 519; baseline 0 -18"><span class='ocrx_word' id='word_1_58' title='bbox 136 464 430 515; x_wconf 77' lang='lat' dir='ltr'><strong>Thrasybuhis,</strong></span> <span class='ocrx_word' id='word_1_59' title='bbox 446 473 561 513; x_wconf 87' lang='lat' dir='ltr'><strong>quem</strong></span> <span class='ocrx_word' id='word_1_60' title='bbox 587 462 702 509; x_wconf 74' lang='lat' dir='ltr'><strong>tantis</strong></span> <span class='ocrx_word' id='word_1_61' title='bbox 731 461 906 501; x_wconf 66' lang='lat' dir='ltr'><strong>laudibus</strong></span> <span class='ocrx_word' id='word_1_62' title='bbox 934 462 1064 505; x_wconf 79' lang='lat' dir='ltr'><strong>effers,</strong></span> <span class='ocrx_word' id='word_1_63' title='bbox 1100 470 1305 510; x_wconf 77' lang='lat' dir='ltr'><strong>oppressus</strong></span> <span class='ocrx_word' id='word_1_64' title='bbox 1337 456 1579 519; x_wconf 59' lang='lat' dir='ltr'><strong>tur-pitprque</strong></span> <span class='ocrx_word' id='word_1_65' title='bbox 1612 460 1834 510; x_wconf 63' lang='lat' dir='ltr'><strong>intemetus</strong></span> <span class='ocrx_word' id='word_1_66' title='bbox 1874 467 1987 509; x_wconf 82' lang='lat' dir='ltr'><strong>esset</strong></span> <span class='ocrx_word' id='word_1_67' title='bbox 2048 465 2253 505; x_wconf 83' lang='lat' dir='ltr'><strong>Fortunam</strong></span> <span class='ocrx_word' id='word_1_68' title='bbox 2289 465 2405 515; x_wconf 84' lang='lat' dir='ltr'><strong>igitur</strong></span> 
     </span>
     <span class='ocr_line' id='line_1_7' title="bbox 135 511 2403 585; baseline -0 -19"><span class='ocrx_word' id='word_1_69' title='bbox 135 527 352 579; x_wconf 85' lang='lat' dir='ltr'><strong>ponderare</strong></span> <span class='ocrx_word' id='word_1_70' title='bbox 390 511 555 565; x_wconf 84' lang='lat' dir='ltr'><strong>debebas</strong></span> <span class='ocrx_word' id='word_1_71' title='bbox 597 514 958 573; x_wconf 78' lang='lat' dir='ltr'><strong>Thrasybulumque</strong></span> <span class='ocrx_word' id='word_1_72' title='bbox 1007 525 1171 573; x_wconf 87' lang='lat' dir='ltr'><strong>primum</strong></span> <span class='ocrx_word' id='word_1_73' title='bbox 1206 523 1379 561; x_wconf 91' lang='lat' dir='ltr'><strong>omnium</strong></span> <span class='ocrx_word' id='word_1_74' title='bbox 1411 534 1568 585; x_wconf 87' lang='lat' dir='ltr'><strong>ponere.</strong></span> <span class='ocrx_word' id='word_1_75' title='bbox 1632 523 1678 561; x_wconf 88' lang='lat' dir='ltr'><strong>In</strong></span> <span class='ocrx_word' id='word_1_76' title='bbox 1711 524 1897 571; x_wconf 75' lang='lat' dir='ltr'><strong>proximis</strong></span> <span class='ocrx_word' id='word_1_77' title='bbox 1932 527 2048 566; x_wconf 88' lang='lat' dir='ltr'><strong>fracta</strong></span> <span class='ocrx_word' id='word_1_78' title='bbox 2085 531 2143 566; x_wconf 91' lang='lat' dir='ltr'><strong>est</strong></span> <span class='ocrx_word' id='word_1_79' title='bbox 2188 529 2310 565; x_wconf 87' lang='lat' dir='ltr'><strong>oratio</strong></span> <span class='ocrx_word' id='word_1_80' title='bbox 2337 530 2403 565; x_wconf 92' lang='lat' dir='ltr'><strong>tua</strong></span> 
     </span>
     <span class='ocr_line' id='line_1_8' title="bbox 139 577 2403 639; baseline 0 -11"><span class='ocrx_word' id='word_1_81' title='bbox 139 591 256 639; x_wconf 89' lang='lat' dir='ltr'><strong>atque</strong></span> <span class='ocrx_word' id='word_1_82' title='bbox 282 587 573 635; x_wconf 79' lang='lat' dir='ltr'><strong>horrida,cum</strong></span> <span class='ocrx_word' id='word_1_83' title='bbox 576 585 764 628; x_wconf 75' lang='lat' dir='ltr'><strong>scribis:</strong></span> <span class='ocrx_word' id='word_1_84' title='bbox 774 585 904 628; x_wconf 87' lang='lat' dir='ltr'><strong>illud</strong></span> <span class='ocrx_word' id='word_1_85' title='bbox 931 586 1036 628; x_wconf 81' lang='lat' dir='ltr'><strong>sine</strong></span> <span class='ocrx_word' id='word_1_86' title='bbox 1061 583 1226 625; x_wconf 87' lang='lat' dir='ltr'><strong>dubio:</strong></span> <span class='ocrx_word' id='word_1_87' title='bbox 1262 577 1502 637; x_wconf 80' lang='lat' dir='ltr'><strong>neminem</strong></span> <span class='ocrx_word' id='word_1_88' title='bbox 1528 584 1914 636; x_wconf 60' lang='lat' dir='ltr'><strong>b&#39;uifflpnetero.</strong></span> <span class='ocrx_word' id='word_1_89' title='bbox 1965 589 2070 630; x_wconf 70' lang='lat' dir='ltr'><strong>‘tum</strong></span> <span class='ocrx_word' id='word_1_90' title='bbox 2091 590 2131 630; x_wconf 84' lang='lat' dir='ltr'><strong>in</strong></span> <span class='ocrx_word' id='word_1_91' title='bbox 2156 601 2287 631; x_wconf 85' lang='lat' dir='ltr'><strong>caussa</strong></span> <span class='ocrx_word' id='word_1_92' title='bbox 2313 589 2403 629; x_wconf 83' lang='lat' dir='ltr'><strong>affe-</strong></span> 
     </span>
     <span class='ocr_line' id='line_1_9' title="bbox 135 646 2407 700; baseline 0 -10"><span class='ocrx_word' id='word_1_93' title='bbox 135 652 259 690; x_wconf 88' lang='lat' dir='ltr'><strong>renda</strong></span> <span class='ocrx_word' id='word_1_94' title='bbox 286 653 411 700; x_wconf 87' lang='lat' dir='ltr'><strong>lapsus</strong></span> <span class='ocrx_word' id='word_1_95' title='bbox 440 661 494 688; x_wconf 90' lang='lat' dir='ltr'><strong>es.</strong></span> <span class='ocrx_word' id='word_1_96' title='bbox 549 646 666 698; x_wconf 85' lang='lat' dir='ltr'><strong>Cujus</strong></span> <span class='ocrx_word' id='word_1_97' title='bbox 693 650 753 687; x_wconf 90' lang='lat' dir='ltr'><strong>rei</strong></span> <span class='ocrx_word' id='word_1_98' title='bbox 781 661 912 688; x_wconf 88' lang='lat' dir='ltr'><strong>caussa</strong></span> <span class='ocrx_word' id='word_1_99' title='bbox 945 650 985 686; x_wconf 91' lang='lat' dir='ltr'><strong>in</strong></span> <span class='ocrx_word' id='word_1_100' title='bbox 1020 659 1067 687; x_wconf 92' lang='lat' dir='ltr'><strong>eo</strong></span> <span class='ocrx_word' id='word_1_101' title='bbox 1093 649 1285 693; x_wconf 89' lang='lat' dir='ltr'><strong>cernitur,</strong></span> <span class='ocrx_word' id='word_1_102' title='bbox 1322 648 1426 696; x_wconf 89' lang='lat' dir='ltr'><strong>quod</strong></span> <span class='ocrx_word' id='word_1_103' title='bbox 1460 648 1615 697; x_wconf 85' lang='lat' dir='ltr'><strong>triginta</strong></span> <span class='ocrx_word' id='word_1_104' title='bbox 1648 650 1819 696; x_wconf 82' lang='lat' dir='ltr'><strong>tyrannis</strong></span> <span class='ocrx_word' id='word_1_105' title='bbox 1854 652 2016 699; x_wconf 90' lang='lat' dir='ltr'><strong>patriam</strong></span> <span class='ocrx_word' id='word_1_106' title='bbox 2049 653 2243 691; x_wconf 79' lang='lat' dir='ltr'><strong>liberavit?</strong></span> <span class='ocrx_word' id='word_1_107' title='bbox 2294 654 2407 690; x_wconf 86' lang='lat' dir='ltr'><strong>Anne</strong></span> 
     </span>
     <span class='ocr_line' id='line_1_10' title="bbox 139 710 2406 762; baseline 0.001 -10"><span class='ocrx_word' id='word_1_108' title='bbox 139 714 250 759; x_wconf 85' lang='lat' dir='ltr'><strong>fidei,</strong></span> <span class='ocrx_word' id='word_1_109' title='bbox 278 713 532 757; x_wconf 88' lang='lat' dir='ltr'><strong>constantiae,</strong></span> <span class='ocrx_word' id='word_1_110' title='bbox 559 712 832 762; x_wconf 82' lang='lat' dir='ltr'><strong>magnitudinis</strong></span> <span class='ocrx_word' id='word_1_111' title='bbox 860 712 996 756; x_wconf 89' lang='lat' dir='ltr'><strong>animi,</strong></span> <span class='ocrx_word' id='word_1_112' title='bbox 1032 711 1178 759; x_wconf 90' lang='lat' dir='ltr'><strong>patriae</strong></span> <span class='ocrx_word' id='word_1_113' title='bbox 1205 711 1374 749; x_wconf 79' lang='lat' dir='ltr'><strong>amoris?</strong></span> <span class='ocrx_word' id='word_1_114' title='bbox 1444 710 1529 749; x_wconf 89' lang='lat' dir='ltr'><strong>Hoc</strong></span> <span class='ocrx_word' id='word_1_115' title='bbox 1555 710 1736 759; x_wconf 82' lang='lat' dir='ltr'><strong>nolebas,</strong></span> <span class='ocrx_word' id='word_1_116' title='bbox 1782 712 1813 749; x_wconf 93' lang='lat' dir='ltr'><strong>si</strong></span> <span class='ocrx_word' id='word_1_117' title='bbox 1856 713 1997 762; x_wconf 88' lang='lat' dir='ltr'><strong>aliquid</strong></span> <span class='ocrx_word' id='word_1_118' title='bbox 2023 716 2211 761; x_wconf 89' lang='lat' dir='ltr'><strong>videmus;</strong></span> <span class='ocrx_word' id='word_1_119' title='bbox 2251 726 2339 753; x_wconf 90' lang='lat' dir='ltr'><strong>nam</strong></span> <span class='ocrx_word' id='word_1_120' title='bbox 2366 715 2406 752; x_wconf 93' lang='lat' dir='ltr'><strong>in</strong></span> 
     </span>
     <span class='ocr_line' id='line_1_11' title="bbox 138 766 2404 828; baseline 0 -14"><span class='ocrx_word' id='word_1_121' title='bbox 138 787 268 815; x_wconf 85' lang='lat' dir='ltr'><strong>caussa</strong></span> <span class='ocrx_word' id='word_1_122' title='bbox 304 766 496 814; x_wconf 84' lang='lat' dir='ltr'><strong>afferenda</strong></span> <span class='ocrx_word' id='word_1_123' title='bbox 524 774 600 814; x_wconf 91' lang='lat' dir='ltr'><strong>hoc</strong></span> <span class='ocrx_word' id='word_1_124' title='bbox 626 775 794 827; x_wconf 82' lang='lat' dir='ltr'><strong>maxime</strong></span> <span class='ocrx_word' id='word_1_125' title='bbox 820 774 999 824; x_wconf 77' lang='lat' dir='ltr'><strong>urgebaS,</strong></span> <span class='ocrx_word' id='word_1_126' title='bbox 1038 772 1141 822; x_wconf 91' lang='lat' dir='ltr'><strong>quod</strong></span> <span class='ocrx_word' id='word_1_127' title='bbox 1169 773 1278 812; x_wconf 90' lang='lat' dir='ltr'><strong>multi</strong></span> <span class='ocrx_word' id='word_1_128' title='bbox 1306 773 1533 819; x_wconf 90' lang='lat' dir='ltr'><strong>voluissent,</strong></span> <span class='ocrx_word' id='word_1_129' title='bbox 1572 772 1682 823; x_wconf 87' lang='lat' dir='ltr'><strong>pauci</strong></span> <span class='ocrx_word' id='word_1_130' title='bbox 1722 773 1957 823; x_wconf 91' lang='lat' dir='ltr'><strong>potuissent,</strong></span> <span class='ocrx_word' id='word_1_131' title='bbox 1991 776 2090 817; x_wconf 89' lang='lat' dir='ltr'><strong>huic</strong></span> <span class='ocrx_word' id='word_1_132' title='bbox 2106 777 2341 828; x_wconf 84' lang='lat' dir='ltr'><strong>contigisse‚&#39;</strong></span> <span class='ocrx_word' id='word_1_133' title='bbox 2359 778 2404 815; x_wconf 91' lang='lat' dir='ltr'><strong>ut</strong></span> 
     </span>
     <span class='ocr_line' id='line_1_12' title="bbox 138 836 2403 889; baseline 0.001 -12"><span class='ocrx_word' id='word_1_134' title='bbox 138 840 329 883; x_wconf 85' lang='lat' dir='ltr'><strong>efficeret,</strong></span> <span class='ocrx_word' id='word_1_135' title='bbox 359 841 397 877; x_wconf 92' lang='lat' dir='ltr'><strong>et</strong></span> <span class='ocrx_word' id='word_1_136' title='bbox 423 839 554 877; x_wconf 89' lang='lat' dir='ltr'><strong>tricies</strong></span> <span class='ocrx_word' id='word_1_137' title='bbox 589 838 743 887; x_wconf 91' lang='lat' dir='ltr'><strong>quidem</strong></span> <span class='ocrx_word' id='word_1_138' title='bbox 771 837 892 885; x_wconf 76' lang='lat' dir='ltr'><strong>maJus</strong></span> <span class='ocrx_word' id='word_1_139' title='bbox 920 836 1105 881; x_wconf 87' lang='lat' dir='ltr'><strong>efficeret;</strong></span> <span class='ocrx_word' id='word_1_140' title='bbox 1140 836 1333 874; x_wconf 82' lang='lat' dir='ltr'><strong>referebas</strong></span> <span class='ocrx_word' id='word_1_141' title='bbox 1361 837 1478 884; x_wconf 85' lang='lat' dir='ltr'><strong>igitur</strong></span> <span class='ocrx_word' id='word_1_142' title='bbox 1507 836 1603 874; x_wconf 91' lang='lat' dir='ltr'><strong>hanc</strong></span> <span class='ocrx_word' id='word_1_143' title='bbox 1620 839 1727 874; x_wconf 92' lang='lat' dir='ltr'><strong>tuam</strong></span> <span class='ocrx_word' id='word_1_144' title='bbox 1755 846 1944 883; x_wconf 86' lang='lat' dir='ltr'><strong>caussam,</strong></span> <span class='ocrx_word' id='word_1_145' title='bbox 1973 851 2221 889; x_wconf 92' lang='lat' dir='ltr'><strong>quaecunque</strong></span> <span class='ocrx_word' id='word_1_146' title='bbox 2240 843 2317 885; x_wconf 92' lang='lat' dir='ltr'><strong>est,</strong></span> <span class='ocrx_word' id='word_1_147' title='bbox 2354 839 2403 878; x_wconf 87' lang='lat' dir='ltr'><strong>ad</strong></span> 
     </span>
     <span class='ocr_line' id='line_1_13' title="bbox 139 899 2403 950; baseline 0.001 -10"><span class='ocrx_word' id='word_1_148' title='bbox 139 902 270 950; x_wconf 89' lang='lat' dir='ltr'><strong>priora</strong></span> <span class='ocrx_word' id='word_1_149' title='bbox 298 900 379 941; x_wconf 89' lang='lat' dir='ltr'><strong>illa:</strong></span> <span class='ocrx_word' id='word_1_150' title='bbox 418 900 589 939; x_wconf 93' lang='lat' dir='ltr'><strong>dubito</strong></span> <span class='ocrx_word' id='word_1_151' title='bbox 625 912 678 939; x_wconf 87' lang='lat' dir='ltr'><strong>an</strong></span> <span class='ocrx_word' id='word_1_152' title='bbox 705 900 828 939; x_wconf 92' lang='lat' dir='ltr'><strong>hunc</strong></span> <span class='ocrx_word' id='word_1_153' title='bbox 854 899 1053 948; x_wconf 92' lang='lat' dir='ltr'><strong>primum</strong></span> <span class='ocrx_word' id='word_1_154' title='bbox 1081 900 1286 937; x_wconf 91' lang='lat' dir='ltr'><strong>omnium</strong></span> <span class='ocrx_word' id='word_1_155' title='bbox 1321 907 1511 948; x_wconf 91' lang='lat' dir='ltr'><strong>ponam,</strong></span> <span class='ocrx_word' id='word_1_156' title='bbox 1545 899 1830 948; x_wconf 88' lang='lat' dir='ltr'><strong>transibasque,</strong></span> <span class='ocrx_word' id='word_1_157' title='bbox 1867 911 1965 949; x_wconf 90' lang='lat' dir='ltr'><strong>quae</strong></span> <span class='ocrx_word' id='word_1_158' title='bbox 1991 903 2115 941; x_wconf 90' lang='lat' dir='ltr'><strong>media</strong></span> <span class='ocrx_word' id='word_1_159' title='bbox 2141 905 2239 942; x_wconf 89' lang='lat' dir='ltr'><strong>sunt.</strong></span> <span class='ocrx_word' id='word_1_160' title='bbox 2292 902 2403 948; x_wconf 87' lang='lat' dir='ltr'><strong>Vide,</strong></span> 
     </span>
     <span class='ocr_line' id='line_1_14' title="bbox 138 961 2405 1014; baseline 0.002 -11"><span class='ocrx_word' id='word_1_161' title='bbox 138 964 230 1014; x_wconf 89' lang='lat' dir='ltr'><strong>quid</strong></span> <span class='ocrx_word' id='word_1_162' title='bbox 256 964 386 1003; x_wconf 87' lang='lat' dir='ltr'><strong>statim</strong></span> <span class='ocrx_word' id='word_1_163' title='bbox 412 966 501 1013; x_wconf 87' lang='lat' dir='ltr'><strong>post</strong></span> <span class='ocrx_word' id='word_1_164' title='bbox 529 964 596 1003; x_wconf 91' lang='lat' dir='ltr'><strong>tibi</strong></span> <span class='ocrx_word' id='word_1_165' title='bbox 622 963 821 1010; x_wconf 88' lang='lat' dir='ltr'><strong>acciderit;</strong></span> <span class='ocrx_word' id='word_1_166' title='bbox 850 961 943 1001; x_wconf 80' lang='lat' dir='ltr'><strong>dicis</strong></span> <span class='ocrx_word' id='word_1_167' title='bbox 971 962 1074 1008; x_wconf 83' lang='lat' dir='ltr'><strong>enim</strong></span> <span class='ocrx_word' id='word_1_168' title='bbox 1102 965 1124 1007; x_wconf 73' lang='grc'>9</span> <span class='ocrx_word' id='word_1_169' title='bbox 1145 962 1188 1001; x_wconf 84' lang='lat'><strong>3:</strong></span> <span class='ocrx_word' id='word_1_170' title='bbox 1229 961 1324 1001; x_wconf 90' lang='lat' dir='ltr'><strong>Sed</strong></span> <span class='ocrx_word' id='word_1_171' title='bbox 1349 962 1520 1001; x_wconf 92' lang='lat' dir='ltr'><strong>nescio</strong></span> <span class='ocrx_word' id='word_1_172' title='bbox 1548 961 1802 1010; x_wconf 89' lang='lat' dir='ltr'><strong>quomodo,</strong></span> <span class='ocrx_word' id='word_1_173' title='bbox 1830 972 1928 1002; x_wconf 87' lang='lat' dir='ltr'><strong>cum</strong></span> <span class='ocrx_word' id='word_1_174' title='bbox 1954 974 2058 1004; x_wconf 90' lang='lat' dir='ltr'><strong>eum</strong></span> <span class='ocrx_word' id='word_1_175' title='bbox 2085 976 2219 1005; x_wconf 88' lang='lat' dir='ltr'><strong>nemo</strong></span> <span class='ocrx_word' id='word_1_176' title='bbox 2247 962 2405 1008; x_wconf 66' lang='lat' dir='ltr'><strong>axi-tei·-</strong></span> 
     </span>
     <span class='ocr_line' id='line_1_15' title="bbox 139 1022 2407 1076; baseline 0 -11"><span class='ocrx_word' id='word_1_177' title='bbox 139 1029 217 1065; x_wconf 90' lang='lat' dir='ltr'><strong>ret</strong></span> <span class='ocrx_word' id='word_1_178' title='bbox 243 1026 320 1065; x_wconf 93' lang='lat' dir='ltr'><strong>his</strong></span> <span class='ocrx_word' id='word_1_179' title='bbox 347 1026 635 1070; x_wconf 84' lang='lat' dir='ltr'><strong>virtutibus,</strong></span> <span class='ocrx_word' id='word_1_180' title='bbox 676 1023 818 1064; x_wconf 92' lang='lat' dir='ltr'><strong>multi</strong></span> <span class='ocrx_word' id='word_1_181' title='bbox 853 1023 1123 1063; x_wconf 89' lang='lat' dir='ltr'><strong>nobilitate</strong></span> <span class='ocrx_word' id='word_1_182' title='bbox 1165 1025 1623 1074; x_wconf 88' lang='lat' dir='ltr'><strong>praecucurrerunt.</strong></span> <span class='ocrx_word' id='word_1_183' title='bbox 1675 1022 1829 1071; x_wconf 81' lang='lat' dir='ltr'><strong>Quibus</strong></span> <span class='ocrx_word' id='word_1_184' title='bbox 1855 1025 2080 1076; x_wconf 81' lang='lat' dir='ltr'><strong>virtutibus?</strong></span> <span class='ocrx_word' id='word_1_185' title='bbox 2132 1026 2216 1067; x_wconf 88' lang='lat' dir='ltr'><strong>Hoc</strong></span> <span class='ocrx_word' id='word_1_186' title='bbox 2241 1027 2326 1066; x_wconf 91' lang='lat' dir='ltr'><strong>loco</strong></span> <span class='ocrx_word' id='word_1_187' title='bbox 2352 1027 2407 1066; x_wconf 72' lang='lat' dir='ltr'><strong>vis</strong></span> 
     </span>
     <span class='ocr_line' id='line_1_16' title="bbox 137 1084 2406 1139; baseline 0.001 -13"><span class='ocrx_word' id='word_1_188' title='bbox 137 1088 278 1132; x_wconf 83' lang='lat' dir='ltr'><strong>fidem,</strong></span> <span class='ocrx_word' id='word_1_189' title='bbox 319 1088 591 1132; x_wconf 87' lang='lat' dir='ltr'><strong>constantiam,</strong></span> <span class='ocrx_word' id='word_1_190' title='bbox 630 1086 795 1135; x_wconf 24' lang='lat' dir='ltr'><strong>reli-qua;</strong></span> <span class='ocrx_word' id='word_1_191' title='bbox 837 1084 999 1134; x_wconf 85' lang='lat' dir='ltr'><strong>delenda</strong></span> <span class='ocrx_word' id='word_1_192' title='bbox 1037 1086 1153 1136; x_wconf 82' lang='lat' dir='ltr'><strong>igitur</strong></span> <span class='ocrx_word' id='word_1_193' title='bbox 1193 1088 1283 1139; x_wconf 74' lang='lat' dir='ltr'><strong>sunt</strong></span> <span class='ocrx_word' id='word_1_194' title='bbox 1321 1086 1537 1136; x_wconf 85' lang='lat' dir='ltr'><strong>legentibus</strong></span> <span class='ocrx_word' id='word_1_195' title='bbox 1575 1096 1634 1124; x_wconf 84' lang='lat' dir='ltr'><strong>ex·</strong></span> <span class='ocrx_word' id='word_1_196' title='bbox 1657 1085 1786 1131; x_wconf 86' lang='lat' dir='ltr'><strong>animo</strong></span> <span class='ocrx_word' id='word_1_197' title='bbox 1823 1088 1863 1124; x_wconf 90' lang='lat' dir='ltr'><strong>et</strong></span> <span class='ocrx_word' id='word_1_198' title='bbox 1889 1088 2139 1138; x_wconf 75' lang='lat' dir='ltr'><strong>cogitatione,</strong></span> <span class='ocrx_word' id='word_1_199' title='bbox 2166 1099 2262 1138; x_wconf 81' lang='lat' dir='ltr'><strong>quae</strong></span> <span class='ocrx_word' id='word_1_200' title='bbox 2289 1089 2406 1130; x_wconf 85' lang='lat' dir='ltr'><strong>inter-</strong></span> 
     </span>
     <span class='ocr_line' id='line_1_17' title="bbox 139 1145 2406 1201; baseline 0 -12"><span class='ocrx_word' id='word_1_201' title='bbox 139 1145 303 1201; x_wconf 87' lang='lat' dir='ltr'><strong>posuisti</strong></span> <span class='ocrx_word' id='word_1_202' title='bbox 330 1151 586 1200; x_wconf 78' lang='lat' dir='ltr'><strong>pulcherrima</strong></span> <span class='ocrx_word' id='word_1_203' title='bbox 614 1149 730 1198; x_wconf 90' lang='lat' dir='ltr'><strong>inque</strong></span> <span class='ocrx_word' id='word_1_204' title='bbox 771 1148 961 1195; x_wconf 77' lang='lat' dir='ltr'><strong>¹medullas</strong></span> <span class='ocrx_word' id='word_1_205' title='bbox 1003 1160 1044 1187; x_wconf 91' lang='lat' dir='ltr'><strong>se</strong></span> <span class='ocrx_word' id='word_1_206' title='bbox 1070 1150 1322 1194; x_wconf 88' lang='lat' dir='ltr'><strong>insinuantia,</strong></span> <span class='ocrx_word' id='word_1_207' title='bbox 1362 1151 1407 1186; x_wconf 90' lang='lat' dir='ltr'><strong>ut</strong></span> <span class='ocrx_word' id='word_1_208' title='bbox 1445 1148 1493 1186; x_wconf 91' lang='lat' dir='ltr'><strong>ad</strong></span> <span class='ocrx_word' id='word_1_209' title='bbox 1520 1148 1602 1187; x_wconf 91' lang='lat' dir='ltr'><strong>illas</strong></span> <span class='ocrx_word' id='word_1_210' title='bbox 1636 1149 1796 1189; x_wconf 85' lang='lat' dir='ltr'><strong>virtutes</strong></span> <span class='ocrx_word' id='word_1_211' title='bbox 1821 1151 1932 1191; x_wconf 87' lang='lat' dir='ltr'><strong>tuum</strong></span> <span class='ocrx_word' id='word_1_212' title='bbox 1958 1162 2173 1199; x_wconf 87' lang='lat' dir='ltr'><strong>pronomen</strong></span> <span class='ocrx_word' id='word_1_213' title='bbox 2206 1151 2406 1190; x_wconf 89' lang='lat' dir='ltr'><strong>referatur.</strong></span> 
     </span>
     <span class='ocr_line' id='line_1_18' title="bbox 138 1203 2407 1261; baseline 0 -9"><span class='ocrx_word' id='word_1_214' title='bbox 138 1213 262 1261; x_wconf 85' lang='lat' dir='ltr'><strong>Quid,</strong></span> <span class='ocrx_word' id='word_1_215' title='bbox 288 1223 421 1252; x_wconf 90' lang='lat' dir='ltr'><strong>nonne</strong></span> <span class='ocrx_word' id='word_1_216' title='bbox 437 1210 619 1261; x_wconf 86' lang='lat' dir='ltr'><strong>perplexa</strong></span> <span class='ocrx_word' id='word_1_217' title='bbox 647 1209 744 1249; x_wconf 89' lang='lat' dir='ltr'><strong>haec</strong></span> <span class='ocrx_word' id='word_1_218' title='bbox 770 1211 829 1249; x_wconf 86' lang='lat' dir='ltr'><strong>est</strong></span> <span class='ocrx_word' id='word_1_219' title='bbox 856 1210 978 1249; x_wconf 90' lang='lat' dir='ltr'><strong>oratio</strong></span> <span class='ocrx_word' id='word_1_220' title='bbox 998 1212 1036 1253; x_wconf 89' lang='lat' dir='ltr'><strong>et</strong></span> <span class='ocrx_word' id='word_1_221' title='bbox 1062 1210 1277 1261; x_wconf 77' lang='lat' dir='ltr'><strong>implicata?</strong></span> <span class='ocrx_word' id='word_1_222' title='bbox 1330 1209 1447 1249; x_wconf 91' lang='lat' dir='ltr'><strong>Ponis</strong></span> <span class='ocrx_word' id='word_1_223' title='bbox 1468 1211 1633 1260; x_wconf 90' lang='lat' dir='ltr'><strong>primam</strong></span> <span class='ocrx_word' id='word_1_224' title='bbox 1651 1210 1842 1260; x_wconf 80' lang='lat' dir='ltr'><strong>quandam</strong></span> <span class='ocrx_word' id='word_1_225' title='bbox 1869 1214 2098 1253; x_wconf 86' lang='lat' dir='ltr'><strong>sententiam</strong></span> <span class='ocrx_word' id='word_1_226' title='bbox 2116 1203 2407 1260; x_wconf 41' lang='lat' dir='ltr'><strong>et’secundam;</strong></span> 
     </span>
     <span class='ocr_line' id='line_1_19' title="bbox 139 1269 2408 1325; baseline 0 -8"><span class='ocrx_word' id='word_1_227' title='bbox 139 1278 253 1317; x_wconf 89' lang='lat' dir='ltr'><strong>tertio</strong></span> <span class='ocrx_word' id='word_1_228' title='bbox 281 1277 367 1316; x_wconf 87' lang='lat' dir='ltr'><strong>loco</strong></span> <span class='ocrx_word' id='word_1_229' title='bbox 395 1275 507 1317; x_wconf 82' lang='lat' dir='ltr'><strong>affers</strong></span> <span class='ocrx_word' id='word_1_230' title='bbox 535 1285 708 1315; x_wconf 84' lang='lat' dir='ltr'><strong>caussam</strong></span> <span class='ocrx_word' id='word_1_231' title='bbox 735 1274 883 1325; x_wconf 85' lang='lat' dir='ltr'><strong>primae</strong></span> <span class='ocrx_word' id='word_1_232' title='bbox 910 1275 1142 1322; x_wconf 87' lang='lat' dir='ltr'><strong>sententiae,</strong></span> <span class='ocrx_word' id='word_1_233' title='bbox 1171 1277 1210 1315; x_wconf 90' lang='lat' dir='ltr'><strong>et</strong></span> <span class='ocrx_word' id='word_1_234' title='bbox 1237 1274 1341 1324; x_wconf 84' lang='lat' dir='ltr'><strong>quod</strong></span> <span class='ocrx_word' id='word_1_235' title='bbox 1358 1276 1506 1324; x_wconf 79' lang='lat' dir='ltr'><strong>quarto</strong></span> <span class='ocrx_word' id='word_1_236' title='bbox 1539 1269 1737 1321; x_wconf 82' lang='lat' dir='ltr'><strong>estloco,</strong></span> <span class='ocrx_word' id='word_1_237' title='bbox 1763 1275 2010 1320; x_wconf 85' lang='lat' dir='ltr'><strong>referendum</strong></span> <span class='ocrx_word' id='word_1_238' title='bbox 2043 1277 2153 1318; x_wconf 89' lang='lat' dir='ltr'><strong>alteri</strong></span> <span class='ocrx_word' id='word_1_239' title='bbox 2186 1278 2408 1322; x_wconf 82' lang='lat' dir='ltr'><strong>sententiae.</strong></span> 
     </span>
     <span class='ocr_line' id='line_1_20' title="bbox 138 1334 2405 1392; baseline 0.001 -13"><span class='ocrx_word' id='word_1_240' title='bbox 138 1340 289 1379; x_wconf 88' lang='lat' dir='ltr'><strong>Scilicet</strong></span> <span class='ocrx_word' id='word_1_241' title='bbox 316 1338 546 1380; x_wconf 89' lang='lat' dir='ltr'><strong>doctissimis</strong></span> <span class='ocrx_word' id='word_1_242' title='bbox 574 1334 735 1378; x_wconf 72' lang='lat' dir='ltr'><strong>scribis!</strong></span> <span class='ocrx_word' id='word_1_243' title='bbox 782 1335 859 1377; x_wconf 86' lang='lat' dir='ltr'><strong>Sed</strong></span> <span class='ocrx_word' id='word_1_244' title='bbox 886 1337 1055 1385; x_wconf 80' lang='lat' dir='ltr'><strong>miraris,</strong></span> <span class='ocrx_word' id='word_1_245' title='bbox 1083 1336 1187 1388; x_wconf 91' lang='lat' dir='ltr'><strong>quod</strong></span> <span class='ocrx_word' id='word_1_246' title='bbox 1214 1336 1324 1376; x_wconf 91' lang='lat' dir='ltr'><strong>multi</strong></span> <span class='ocrx_word' id='word_1_247' title='bbox 1350 1336 1549 1376; x_wconf 84' lang='lat' dir='ltr'><strong>nobilitate</strong></span> <span class='ocrx_word' id='word_1_248' title='bbox 1575 1337 1920 1389; x_wconf 69' lang='lat' dir='ltr'><strong>praecucurrerint.</strong></span> <span class='ocrx_word' id='word_1_249' title='bbox 1974 1337 2050 1389; x_wconf 86' lang='lat' dir='ltr'><strong>Qui</strong></span> <span class='ocrx_word' id='word_1_250' title='bbox 2077 1340 2219 1391; x_wconf 66' lang='lat' dir='ltr'><strong>potes?⁴</strong></span> <span class='ocrx_word' id='word_1_251' title='bbox 2256 1338 2405 1392; x_wconf 79' lang='lat' dir='ltr'><strong>Signifi-</strong></span> 
     </span>
     <span class='ocr_line' id='line_1_21' title="bbox 136 1401 2403 1451; baseline -0 -9"><span class='ocrx_word' id='word_1_252' title='bbox 136 1415 242 1442; x_wconf 88' lang='lat' dir='ltr'><strong>caras</strong></span> <span class='ocrx_word' id='word_1_253' title='bbox 262 1414 397 1451; x_wconf 90' lang='lat' dir='ltr'><strong>supra,</strong></span> <span class='ocrx_word' id='word_1_254' title='bbox 425 1402 620 1440; x_wconf 85' lang='lat' dir='ltr'><strong>fortunam</strong></span> <span class='ocrx_word' id='word_1_255' title='bbox 641 1401 879 1450; x_wconf 80' lang='lat' dir='ltr'><strong>Thrasybulo</strong></span> <span class='ocrx_word' id='word_1_256' title='bbox 898 1401 1082 1445; x_wconf 81' lang='lat' dir='ltr'><strong>defuisse,</strong></span> <span class='ocrx_word' id='word_1_257' title='bbox 1109 1402 1182 1441; x_wconf 85' lang='lat' dir='ltr'><strong>scis</strong></span> <span class='ocrx_word' id='word_1_258' title='bbox 1200 1401 1322 1446; x_wconf 89' lang='lat' dir='ltr'><strong>idem,</strong></span> <span class='ocrx_word' id='word_1_259' title='bbox 1340 1402 1380 1439; x_wconf 89' lang='lat' dir='ltr'><strong>in</strong></span> <span class='ocrx_word' id='word_1_260' title='bbox 1405 1402 1603 1439; x_wconf 83' lang='lat' dir='ltr'><strong>nobilitate</strong></span> <span class='ocrx_word' id='word_1_261' title='bbox 1621 1401 1790 1449; x_wconf 71' lang='lat' dir='ltr'><strong>paranda</strong></span> <span class='ocrx_word' id='word_1_262' title='bbox 1818 1402 2027 1450; x_wconf 68' lang='lat' dir='ltr'><strong>plurimum</strong></span> <span class='ocrx_word' id='word_1_263' title='bbox 2052 1404 2177 1448; x_wconf 80' lang='lat' dir='ltr'><strong>valere</strong></span> <span class='ocrx_word' id='word_1_264' title='bbox 2201 1401 2403 1448; x_wconf 78' lang='lat' dir='ltr'><strong>fortunam,</strong></span> 
     </span>
     <span class='ocr_line' id='line_1_22' title="bbox 138 1460 2408 1514; baseline -0 -8"><span class='ocrx_word' id='word_1_265' title='bbox 138 1476 298 1506; x_wconf 90' lang='lat' dir='ltr'><strong>necesse</strong></span> <span class='ocrx_word' id='word_1_266' title='bbox 325 1461 443 1514; x_wconf 84' lang='lat' dir='ltr'><strong>igitur</strong></span> <span class='ocrx_word' id='word_1_267' title='bbox 465 1460 570 1509; x_wconf 89' lang='lat' dir='ltr'><strong>erat,</strong></span> <span class='ocrx_word' id='word_1_268' title='bbox 598 1462 826 1513; x_wconf 85' lang='lat' dir='ltr'><strong>Thrasybuli</strong></span> <span class='ocrx_word' id='word_1_269' title='bbox 860 1462 992 1506; x_wconf 87' lang='lat' dir='ltr'><strong>lumen</strong></span> <span class='ocrx_word' id='word_1_270' title='bbox 1027 1463 1296 1509; x_wconf 84' lang='lat' dir='ltr'><strong>obscuraretur</strong></span> <span class='ocrx_word' id='word_1_271' title='bbox 1322 1462 1407 1502; x_wconf 91' lang='lat' dir='ltr'><strong>luce</strong></span> <span class='ocrx_word' id='word_1_272' title='bbox 1443 1462 1725 1510; x_wconf 76' lang='lat' dir='ltr'><strong>formnatorum</strong></span> <span class='ocrx_word' id='word_1_273' title='bbox 1750 1463 1809 1503; x_wconf 86' lang='lat' dir='ltr'><strong>vel</strong></span> <span class='ocrx_word' id='word_1_274' title='bbox 1832 1464 2104 1514; x_wconf 78' lang='lat' dir='ltr'><strong>insipientium.</strong></span> <span class='ocrx_word' id='word_1_275' title='bbox 2155 1465 2408 1509; x_wconf 84' lang='lat' dir='ltr'><strong>Redeundum</strong></span> 
     </span>
     <span class='ocr_line' id='line_1_23' title="bbox 144 1526 2411 1579; baseline 0.001 -12"><span class='ocrx_word' id='word_1_276' title='bbox 144 1531 204 1570; x_wconf 87' lang='lat' dir='ltr'><strong>cst</strong></span> <span class='ocrx_word' id='word_1_277' title='bbox 230 1528 281 1568; x_wconf 86' lang='lat' dir='ltr'><strong>ad</strong></span> <span class='ocrx_word' id='word_1_278' title='bbox 306 1527 419 1572; x_wconf 91' lang='lat' dir='ltr'><strong>illud,</strong></span> <span class='ocrx_word' id='word_1_279' title='bbox 447 1527 487 1571; x_wconf 89' lang='lat' dir='ltr'><strong>in</strong></span> <span class='ocrx_word' id='word_1_280' title='bbox 506 1537 583 1579; x_wconf 89' lang='lat' dir='ltr'><strong>quo</strong></span> <span class='ocrx_word' id='word_1_281' title='bbox 610 1536 761 1567; x_wconf 88' lang='lat' dir='ltr'><strong>summa</strong></span> <span class='ocrx_word' id='word_1_282' title='bbox 787 1526 844 1572; x_wconf 83' lang='lat' dir='ltr'><strong>tui</strong></span> <span class='ocrx_word' id='word_1_283' title='bbox 863 1526 1024 1567; x_wconf 78' lang='lat' dir='ltr'><strong>exordii.</strong></span> <span class='ocrx_word' id='word_1_284' title='bbox 1076 1526 1249 1578; x_wconf 82' lang='lat' dir='ltr'><strong>Triginta</strong></span> <span class='ocrx_word' id='word_1_285' title='bbox 1276 1526 1448 1578; x_wconf 67' lang='lat' dir='ltr'><strong>tyrannis</strong></span> <span class='ocrx_word' id='word_1_286' title='bbox 1474 1526 1639 1578; x_wconf 84' lang='lat' dir='ltr'><strong>patriam</strong></span> <span class='ocrx_word' id='word_1_287' title='bbox 1664 1526 1848 1570; x_wconf 77' lang='lat' dir='ltr'><strong>liberavit.</strong></span> <span class='ocrx_word' id='word_1_288' title='bbox 1899 1526 2008 1570; x_wconf 82' lang='lat' dir='ltr'><strong>Hanc</strong></span> <span class='ocrx_word' id='word_1_289' title='bbox 2025 1530 2169 1574; x_wconf 85' lang='lat' dir='ltr'><strong>tantam</strong></span> <span class='ocrx_word' id='word_1_290' title='bbox 2186 1540 2270 1573; x_wconf 85' lang='lat' dir='ltr'><strong>rem</strong></span> <span class='ocrx_word' id='word_1_291' title='bbox 2293 1540 2411 1569; x_wconf 91' lang='lat' dir='ltr'><strong>unum</strong></span> 
     </span>
     <span class='ocr_line' id='line_1_24' title="bbox 141 1589 2412 1641; baseline 0 -11"><span class='ocrx_word' id='word_1_292' title='bbox 141 1596 316 1641; x_wconf 90' lang='lat' dir='ltr'><strong>patrasse</strong></span> <span class='ocrx_word' id='word_1_293' title='bbox 343 1589 489 1631; x_wconf 77' lang='lat' dir='ltr'><strong>virum!</strong></span> <span class='ocrx_word' id='word_1_294' title='bbox 541 1590 755 1629; x_wconf 87' lang='lat' dir='ltr'><strong>Harmodio</strong></span> <span class='ocrx_word' id='word_1_295' title='bbox 782 1592 822 1627; x_wconf 94' lang='lat' dir='ltr'><strong>et</strong></span> <span class='ocrx_word' id='word_1_296' title='bbox 847 1591 1112 1638; x_wconf 82' lang='lat' dir='ltr'><strong>Aristogitone</strong></span> <span class='ocrx_word' id='word_1_297' title='bbox 1139 1590 1171 1628; x_wconf 91' lang='lat' dir='ltr'><strong>is</strong></span> <span class='ocrx_word' id='word_1_298' title='bbox 1194 1590 1282 1638; x_wconf 86' lang='lat' dir='ltr'><strong>jure</strong></span> <span class='ocrx_word' id='word_1_299' title='bbox 1310 1590 1434 1638; x_wconf 86' lang='lat' dir='ltr'><strong>major</strong></span> <span class='ocrx_word' id='word_1_300' title='bbox 1469 1590 1675 1639; x_wconf 77' lang='lat' dir='ltr'><strong>videbitur,</strong></span> <span class='ocrx_word' id='word_1_301' title='bbox 1709 1591 1770 1629; x_wconf 90' lang='lat' dir='ltr'><strong>cui</strong></span> <span class='ocrx_word' id='word_1_302' title='bbox 1805 1591 2029 1640; x_wconf 78' lang='lat' dir='ltr'><strong>contigerit,</strong></span> <span class='ocrx_word' id='word_1_303' title='bbox 2061 1593 2106 1629; x_wconf 90' lang='lat' dir='ltr'><strong>ut</strong></span> <span class='ocrx_word' id='word_1_304' title='bbox 2138 1593 2299 1640; x_wconf 82' lang='lat' dir='ltr'><strong>patriam</strong></span> <span class='ocrx_word' id='word_1_305' title='bbox 2324 1595 2412 1641; x_wconf 85' lang='lat' dir='ltr'><strong>post</strong></span> 
     </span>
     <span class='ocr_line' id='line_1_25' title="bbox 143 1652 2409 1705; baseline 0.001 -11"><span class='ocrx_word' id='word_1_306' title='bbox 143 1656 321 1704; x_wconf 80' lang='lat' dir='ltr'><strong>exactum</strong></span> <span class='ocrx_word' id='word_1_307' title='bbox 348 1664 470 1697; x_wconf 85' lang='lat' dir='ltr'><strong>unum</strong></span> <span class='ocrx_word' id='word_1_308' title='bbox 496 1654 702 1703; x_wconf 73' lang='lat' dir='ltr'><strong>tyrannum</strong></span> <span class='ocrx_word' id='word_1_309' title='bbox 738 1654 965 1703; x_wconf 84' lang='lat' dir='ltr'><strong>occupatam</strong></span> <span class='ocrx_word' id='word_1_310' title='bbox 999 1652 1047 1692; x_wconf 91' lang='lat' dir='ltr'><strong>ab</strong></span> <span class='ocrx_word' id='word_1_311' title='bbox 1083 1652 1224 1699; x_wconf 86' lang='lat' dir='ltr'><strong>altero,</strong></span> <span class='ocrx_word' id='word_1_312' title='bbox 1266 1652 1445 1703; x_wconf 88' lang='lat' dir='ltr'><strong>deinceps</strong></span> <span class='ocrx_word' id='word_1_313' title='bbox 1487 1664 1509 1692; x_wconf 88' lang='lat' dir='ltr'><strong>a</strong></span> <span class='ocrx_word' id='word_1_314' title='bbox 1544 1653 1660 1692; x_wconf 89' lang='lat' dir='ltr'><strong>tertio</strong></span> <span class='ocrx_word' id='word_1_315' title='bbox 1695 1652 1743 1698; x_wconf 88' lang='lat' dir='ltr'><strong>ad</strong></span> <span class='ocrx_word' id='word_1_316' title='bbox 1769 1653 2030 1701; x_wconf 83' lang='lat' dir='ltr'><strong>tricesimum,</strong></span> <span class='ocrx_word' id='word_1_317' title='bbox 2074 1654 2220 1699; x_wconf 68' lang='lat' dir='ltr'><strong>liberetr</strong></span> <span class='ocrx_word' id='word_1_318' title='bbox 2238 1665 2305 1701; x_wconf 84' lang='lat' dir='ltr'><strong>eo,</strong></span> <span class='ocrx_word' id='word_1_319' title='bbox 2343 1656 2409 1705; x_wconf 86' lang='lat' dir='ltr'><strong>qui</strong></span> 
     </span>
     <span class='ocr_line' id='line_1_26' title="bbox 141 1714 2410 1766; baseline -0 -10"><span class='ocrx_word' id='word_1_320' title='bbox 141 1728 298 1766; x_wconf 89' lang='lat' dir='ltr'><strong>quoque</strong></span> <span class='ocrx_word' id='word_1_321' title='bbox 324 1720 501 1765; x_wconf 90' lang='lat' dir='ltr'><strong>tempore</strong></span> <span class='ocrx_word' id='word_1_322' title='bbox 529 1716 739 1760; x_wconf 81' lang='lat' dir='ltr'><strong>exstiterit,</strong></span> <span class='ocrx_word' id='word_1_323' title='bbox 767 1718 943 1764; x_wconf 83' lang='lat' dir='ltr'><strong>tyranno.</strong></span> <span class='ocrx_word' id='word_1_324' title='bbox 998 1714 1102 1762; x_wconf 89' lang='lat' dir='ltr'><strong>Quid</strong></span> <span class='ocrx_word' id='word_1_325' title='bbox 1130 1714 1418 1763; x_wconf 68' lang='lat' dir='ltr'><strong>Thrasybulus?</strong></span> <span class='ocrx_word' id='word_1_326' title='bbox 1445 1726 1523 1753; x_wconf 91' lang='lat' dir='ltr'><strong>uno</strong></span> <span class='ocrx_word' id='word_1_327' title='bbox 1556 1716 1712 1763; x_wconf 26' lang='lat' dir='ltr'><strong>impetur</strong></span> <span class='ocrx_word' id='word_1_328' title='bbox 1737 1715 1822 1759; x_wconf 85' lang='lat' dir='ltr'><strong>illos</strong></span> <span class='ocrx_word' id='word_1_329' title='bbox 1844 1716 2034 1764; x_wconf 64' lang='lat' dir='ltr'><strong>triginta,</strong></span> <span class='ocrx_word' id='word_1_330' title='bbox 2068 1716 2146 1761; x_wconf 79' lang='lat' dir='ltr'><strong>vel,</strong></span> <span class='ocrx_word' id='word_1_331' title='bbox 2181 1717 2213 1754; x_wconf 91' lang='lat' dir='ltr'><strong>si</strong></span> <span class='ocrx_word' id='word_1_332' title='bbox 2236 1717 2335 1755; x_wconf 73' lang='lat' dir='ltr'><strong>‘velis</strong></span> <span class='ocrx_word' id='word_1_333' title='bbox 2362 1717 2410 1756; x_wconf 88' lang='lat' dir='ltr'><strong>ad</strong></span> 
     </span>
     <span class='ocr_line' id='line_1_27' title="bbox 143 1772 2406 1829; baseline -0 -10"><span class='ocrx_word' id='word_1_334' title='bbox 143 1779 347 1825; x_wconf 83' lang='lat' dir='ltr'><strong>amussim,</strong></span> <span class='ocrx_word' id='word_1_335' title='bbox 375 1777 636 1828; x_wconf 82' lang='lat' dir='ltr'><strong>undetriginta</strong></span> <span class='ocrx_word' id='word_1_336' title='bbox 664 1776 834 1828; x_wconf 69' lang='lat' dir='ltr'><strong>deiecit„</strong></span> <span class='ocrx_word' id='word_1_337' title='bbox 850 1772 1070 1828; x_wconf 89' lang='lat' dir='ltr'><strong>poteritque</strong></span> <span class='ocrx_word' id='word_1_338' title='bbox 1088 1777 1232 1828; x_wconf 92' lang='lat' dir='ltr'><strong>ubique</strong></span> <span class='ocrx_word' id='word_1_339' title='bbox 1250 1778 1507 1828; x_wconf 88' lang='lat' dir='ltr'><strong>complurium</strong></span> <span class='ocrx_word' id='word_1_340' title='bbox 1527 1779 1714 1825; x_wconf 83' lang='lat' dir='ltr'><strong>virorum,</strong></span> <span class='ocrx_word' id='word_1_341' title='bbox 1742 1778 1847 1829; x_wconf 91' lang='lat' dir='ltr'><strong>quod</strong></span> <span class='ocrx_word' id='word_1_342' title='bbox 1863 1790 1984 1828; x_wconf 80' lang='lat' dir='ltr'><strong>unum</strong></span> <span class='ocrx_word' id='word_1_343' title='bbox 2009 1779 2181 1823; x_wconf 84' lang='lat' dir='ltr'><strong>omnium</strong></span> <span class='ocrx_word' id='word_1_344' title='bbox 2207 1780 2406 1820; x_wconf 87' lang='lat' dir='ltr'><strong>consilium</strong></span> 
     </span>
     <span class='ocr_line' id='line_1_28' title="bbox 141 1833 2410 1893; baseline 0 -12"><span class='ocrx_word' id='word_1_345' title='bbox 141 1853 225 1881; x_wconf 90' lang='lat' dir='ltr'><strong>esse</strong></span> <span class='ocrx_word' id='word_1_346' title='bbox 252 1842 408 1893; x_wconf 91' lang='lat' dir='ltr'><strong>nequit,</strong></span> <span class='ocrx_word' id='word_1_347' title='bbox 435 1841 582 1881; x_wconf 85' lang='lat' dir='ltr'><strong>facilius</strong></span> <span class='ocrx_word' id='word_1_348' title='bbox 610 1840 771 1883; x_wconf 86' lang='lat' dir='ltr'><strong>convelli</strong></span> <span class='ocrx_word' id='word_1_349' title='bbox 798 1840 1024 1890; x_wconf 86' lang='lat' dir='ltr'><strong>imperium,</strong></span> <span class='ocrx_word' id='word_1_350' title='bbox 1059 1851 1172 1890; x_wconf 89' lang='lat' dir='ltr'><strong>quam</strong></span> <span class='ocrx_word' id='word_1_351' title='bbox 1200 1841 1325 1888; x_wconf 82' lang='lat' dir='ltr'><strong>unius.</strong></span> <span class='ocrx_word' id='word_1_352' title='bbox 1377 1840 1466 1880; x_wconf 82' lang='lat' dir='ltr'><strong>Non</strong></span> <span class='ocrx_word' id='word_1_353' title='bbox 1486 1839 1568 1891; x_wconf 74' lang='lat' dir='ltr'><strong>iam</strong></span> <span class='ocrx_word' id='word_1_354' title='bbox 1596 1840 1865 1891; x_wconf 82' lang='lat' dir='ltr'><strong>castigabimus</strong></span> <span class='ocrx_word' id='word_1_355' title='bbox 1885 1833 2071 1891; x_wconf 78' lang='lat' dir='ltr'><strong>&#39;pluribus</strong></span> <span class='ocrx_word' id='word_1_356' title='bbox 2105 1840 2276 1882; x_wconf 86' lang='lat' dir='ltr'><strong>membra</strong></span> <span class='ocrx_word' id='word_1_357' title='bbox 2311 1841 2410 1885; x_wconf 86' lang='lat' dir='ltr'><strong>male</strong></span> 
     </span>
     <span class='ocr_line' id='line_1_29' title="bbox 138 1903 2409 1954; baseline -0 -10"><span class='ocrx_word' id='word_1_358' title='bbox 138 1908 302 1949; x_wconf 87' lang='lat' dir='ltr'><strong>structa;</strong></span> <span class='ocrx_word' id='word_1_359' title='bbox 332 1904 437 1954; x_wconf 91' lang='lat' dir='ltr'><strong>quod</strong></span> <span class='ocrx_word' id='word_1_360' title='bbox 464 1907 524 1942; x_wconf 92' lang='lat' dir='ltr'><strong>est</strong></span> <span class='ocrx_word' id='word_1_361' title='bbox 549 1904 766 1952; x_wconf 87' lang='lat' dir='ltr'><strong>subjectum</strong></span> <span class='ocrx_word' id='word_1_362' title='bbox 792 1904 933 1952; x_wconf 89' lang='lat' dir='ltr'><strong>prioris</strong></span> <span class='ocrx_word' id='word_1_363' title='bbox 959 1903 1144 1948; x_wconf 89' lang='lat' dir='ltr'><strong>membri,</strong></span> <span class='ocrx_word' id='word_1_364' title='bbox 1184 1904 1288 1942; x_wconf 89' lang='lat' dir='ltr'><strong>idem</strong></span> <span class='ocrx_word' id='word_1_365' title='bbox 1322 1904 1547 1952; x_wconf 86' lang='lat' dir='ltr'><strong>posterioris</strong></span> <span class='ocrx_word' id='word_1_366' title='bbox 1582 1903 1698 1945; x_wconf 84' lang='lat' dir='ltr'><strong>debet</strong></span> <span class='ocrx_word' id='word_1_367' title='bbox 1731 1914 1837 1950; x_wconf 87' lang='lat' dir='ltr'><strong>esse,</strong></span> <span class='ocrx_word' id='word_1_368' title='bbox 1865 1915 1997 1947; x_wconf 62' lang='lat' dir='ltr'><strong>verum</strong></span> <span class='ocrx_word' id='word_1_369' title='bbox 2031 1914 2111 1942; x_wconf 87' lang='lat' dir='ltr'><strong>non</strong></span> <span class='ocrx_word' id='word_1_370' title='bbox 2141 1906 2287 1952; x_wconf 85' lang='lat' dir='ltr'><strong>potest,</strong></span> <span class='ocrx_word' id='word_1_371' title='bbox 2323 1906 2409 1953; x_wconf 86' lang='lat' dir='ltr'><strong>quia</strong></span> 
     </span>
     <span class='ocr_line' id='line_1_30' title="bbox 138 1964 1317 2017; baseline -0.001 -11"><span class='ocrx_word' id='word_1_372' title='bbox 138 1967 326 2007; x_wconf 84' lang='lat' dir='ltr'><strong>sententia</strong></span> <span class='ocrx_word' id='word_1_373' title='bbox 351 1977 431 2007; x_wconf 91' lang='lat' dir='ltr'><strong>non</strong></span> <span class='ocrx_word' id='word_1_374' title='bbox 457 1966 624 2017; x_wconf 87' lang='lat' dir='ltr'><strong>patitur,</strong></span> <span class='ocrx_word' id='word_1_375' title='bbox 652 1965 701 2011; x_wconf 84' lang='lat' dir='ltr'><strong>de</strong></span> <span class='ocrx_word' id='word_1_376' title='bbox 727 1976 809 2017; x_wconf 73' lang='lat' dir='ltr'><strong>quo</strong></span> <span class='ocrx_word' id='word_1_377' title='bbox 834 1964 908 2005; x_wconf 84' lang='lat' dir='ltr'><strong>vid.</strong></span> <span class='ocrx_word' id='word_1_378' title='bbox 937 1964 1159 2016; x_wconf 87' lang='lat' dir='ltr'><strong>Nipperdeii</strong></span> <span class='ocrx_word' id='word_1_379' title='bbox 1187 1967 1317 2007; x_wconf 88' lang='lat' dir='ltr'><strong>annot.</strong></span> 
     </span>
    </p>

    <p class='ocr_par' dir='ltr' id='par_1_3' title="bbox 141 2026 2412 3020">
     <span class='ocr_line' id='line_1_31' title="bbox 270 2026 2410 2079; baseline 0 -11"><span class='ocrx_word' id='word_1_380' title='bbox 270 2029 362 2068; x_wconf 88' lang='lat' dir='ltr'><strong>Tale</strong></span> <span class='ocrx_word' id='word_1_381' title='bbox 388 2031 448 2068; x_wconf 91' lang='lat' dir='ltr'><strong>est</strong></span> <span class='ocrx_word' id='word_1_382' title='bbox 474 2029 676 2071; x_wconf 76' lang='lat' dir='ltr'><strong>exordium</strong></span> <span class='ocrx_word' id='word_1_383' title='bbox 703 2030 835 2079; x_wconf 84' lang='grc' dir='ltr'><strong>ιιιιιιιι,</strong></span> <span class='ocrx_word' id='word_1_384' title='bbox 857 2027 1039 2078; x_wconf 85' lang='lat' dir='ltr'><strong>Corneli,</strong></span> <span class='ocrx_word' id='word_1_385' title='bbox 1066 2029 1317 2079; x_wconf 88' lang='lat' dir='ltr'><strong>implicatum,</strong></span> <span class='ocrx_word' id='word_1_386' title='bbox 1345 2028 1572 2076; x_wconf 89' lang='lat' dir='ltr'><strong>obscurum,</strong></span> <span class='ocrx_word' id='word_1_387' title='bbox 1599 2028 1845 2079; x_wconf 82' lang='lat' dir='ltr'><strong>ambiguum,</strong></span> <span class='ocrx_word' id='word_1_388' title='bbox 1871 2027 2092 2071; x_wconf 89' lang='lat' dir='ltr'><strong>absurdum.</strong></span> <span class='ocrx_word' id='word_1_389' title='bbox 2144 2026 2224 2072; x_wconf 85' lang='lat' dir='ltr'><strong>Nec</strong></span> <span class='ocrx_word' id='word_1_390' title='bbox 2249 2029 2325 2069; x_wconf 89' lang='lat' dir='ltr'><strong>rari</strong></span> <span class='ocrx_word' id='word_1_391' title='bbox 2352 2033 2410 2069; x_wconf 89' lang='lat' dir='ltr'><strong>est</strong></span> 
     </span>
     <span class='ocr_line' id='line_1_32' title="bbox 143 2082 2409 2142; baseline 0 -11"><span class='ocrx_word' id='word_1_392' title='bbox 143 2092 332 2142; x_wconf 80' lang='lat' dir='ltr'><strong>exempli,</strong></span> <span class='ocrx_word' id='word_1_393' title='bbox 351 2092 454 2141; x_wconf 84' lang='lat' dir='ltr'><strong>quod</strong></span> <span class='ocrx_word' id='word_1_394' title='bbox 471 2082 769 2142; x_wconf 82' lang='lat' dir='ltr'><strong>proposuimus.</strong></span> <span class='ocrx_word' id='word_1_395' title='bbox 781 2091 827 2132; x_wconf 90' lang='lat' dir='ltr'><strong>In</strong></span> <span class='ocrx_word' id='word_1_396' title='bbox 843 2092 1055 2137; x_wconf 78' lang='lat' dir='ltr'><strong>Aristide</strong></span> <span class='ocrx_word' id='word_1_397' title='bbox 1073 2103 1225 2133; x_wconf 84' lang='lat' dir='ltr'><strong>narras:</strong></span> <span class='ocrx_word' id='word_1_398' title='bbox 1252 2092 1466 2140; x_wconf 88' lang='lat' dir='ltr'><strong>aequalis</strong></span> <span class='ocrx_word' id='word_1_399' title='bbox 1492 2092 1595 2131; x_wconf 89' lang='lat' dir='ltr'><strong>fere</strong></span> <span class='ocrx_word' id='word_1_400' title='bbox 1621 2091 1715 2130; x_wconf 84' lang='lat' dir='ltr'><strong>fuit</strong></span> <span class='ocrx_word' id='word_1_401' title='bbox 1753 2091 2085 2137; x_wconf 85' lang='lat' dir='ltr'><strong>Themistocli.</strong></span> <span class='ocrx_word' id='word_1_402' title='bbox 2121 2090 2287 2139; x_wconf 86' lang='lat' dir='ltr'><strong>Itaque</strong></span> <span class='ocrx_word' id='word_1_403' title='bbox 2314 2103 2409 2131; x_wconf 86' lang='lat' dir='ltr'><strong>curn</strong></span> 
     </span>
     <span class='ocr_line' id='line_1_33' title="bbox 141 2151 2411 2204; baseline 0 -12"><span class='ocrx_word' id='word_1_404' title='bbox 141 2158 199 2192; x_wconf 69' lang='lat' dir='ltr'><strong>e&#39;o</strong></span> <span class='ocrx_word' id='word_1_405' title='bbox 228 2153 284 2192; x_wconf 88' lang='lat' dir='ltr'><strong>de</strong></span> <span class='ocrx_word' id='word_1_406' title='bbox 309 2154 593 2204; x_wconf 85' lang='lat' dir='ltr'><strong>principatu</strong></span> <span class='ocrx_word' id='word_1_407' title='bbox 619 2152 890 2199; x_wconf 81' lang='lat' dir='ltr'><strong>contendit.</strong></span> <span class='ocrx_word' id='word_1_408' title='bbox 942 2152 1078 2196; x_wconf 76' lang='lat' dir='ltr'><strong>Itane?</strong></span> <span class='ocrx_word' id='word_1_409' title='bbox 1107 2154 1194 2203; x_wconf 87' lang='lat' dir='ltr'><strong>quia</strong></span> <span class='ocrx_word' id='word_1_410' title='bbox 1229 2152 1417 2204; x_wconf 87' lang='lat' dir='ltr'><strong>aequalis,</strong></span> <span class='ocrx_word' id='word_1_411' title='bbox 1453 2152 1503 2193; x_wconf 89' lang='lat' dir='ltr'><strong>de</strong></span> <span class='ocrx_word' id='word_1_412' title='bbox 1528 2153 1741 2204; x_wconf 87' lang='lat' dir='ltr'><strong>principatu</strong></span> <span class='ocrx_word' id='word_1_413' title='bbox 1769 2152 1857 2196; x_wconf 86' lang='lat' dir='ltr'><strong>ideo</strong></span> <span class='ocrx_word' id='word_1_414' title='bbox 1886 2151 2111 2193; x_wconf 81' lang='lat' dir='ltr'><strong>contendit?</strong></span> <span class='ocrx_word' id='word_1_415' title='bbox 2162 2153 2214 2191; x_wconf 77' lang='lat' dir='ltr'><strong>At</strong></span> <span class='ocrx_word' id='word_1_416' title='bbox 2247 2152 2411 2193; x_wconf 90' lang='lat' dir='ltr'><strong>illustres</strong></span> 
     </span>
     <span class='ocr_line' id='line_1_34' title="bbox 143 2209 2412 2265; baseline -0 -11"><span class='ocrx_word' id='word_1_417' title='bbox 143 2220 234 2255; x_wconf 88' lang='lat' dir='ltr'><strong>sunt</strong></span> <span class='ocrx_word' id='word_1_418' title='bbox 266 2217 359 2261; x_wconf 67' lang='lat' dir='ltr'><strong>riri,</strong></span> <span class='ocrx_word' id='word_1_419' title='bbox 393 2227 489 2264; x_wconf 91' lang='lat' dir='ltr'><strong>quos</strong></span> <span class='ocrx_word' id='word_1_420' title='bbox 516 2217 711 2265; x_wconf 82' lang='lat' dir='ltr'><strong>describit.</strong></span> <span class='ocrx_word' id='word_1_421' title='bbox 763 2216 821 2256; x_wconf 81' lang='lat' dir='ltr'><strong>Ne</strong></span> <span class='ocrx_word' id='word_1_422' title='bbox 849 2227 985 2255; x_wconf 89' lang='lat' dir='ltr'><strong>omnes</strong></span> <span class='ocrx_word' id='word_1_423' title='bbox 1013 2216 1171 2264; x_wconf 88' lang='lat' dir='ltr'><strong>quidem</strong></span> <span class='ocrx_word' id='word_1_424' title='bbox 1197 2217 1267 2257; x_wconf 73' lang='lat' dir='ltr'><strong>viri</strong></span> <span class='ocrx_word' id='word_1_425' title='bbox 1293 2217 1477 2261; x_wconf 87' lang='lat' dir='ltr'><strong>illustres,</strong></span> <span class='ocrx_word' id='word_1_426' title='bbox 1503 2216 1569 2264; x_wconf 89' lang='lat' dir='ltr'><strong>qui</strong></span> <span class='ocrx_word' id='word_1_427' title='bbox 1596 2209 1775 2263; x_wconf 84' lang='lat' dir='ltr'><strong>aequales</strong></span> <span class='ocrx_word' id='word_1_428' title='bbox 1802 2217 1910 2261; x_wconf 85' lang='lat' dir='ltr'><strong>sunt,</strong></span> <span class='ocrx_word' id='word_1_429' title='bbox 1944 2215 1993 2253; x_wconf 91' lang='lat' dir='ltr'><strong>de</strong></span> <span class='ocrx_word' id='word_1_430' title='bbox 2018 2214 2231 2263; x_wconf 81' lang='lat' dir='ltr'><strong>principatu</strong></span> <span class='ocrx_word' id='word_1_431' title='bbox 2256 2217 2412 2253; x_wconf 86' lang='lat' dir='ltr'><strong>conten-</strong></span> 
     </span>
     <span class='ocr_line' id='line_1_35' title="bbox 142 2276 2409 2328; baseline -0 -9"><span class='ocrx_word' id='word_1_432' title='bbox 142 2279 249 2319; x_wconf 87' lang='lat' dir='ltr'><strong>dunt.</strong></span> <span class='ocrx_word' id='word_1_433' title='bbox 301 2276 403 2318; x_wconf 73' lang='lat' dir='ltr'><strong>Audi</strong></span> <span class='ocrx_word' id='word_1_434' title='bbox 429 2279 623 2328; x_wconf 79' lang='lat' dir='ltr'><strong>proxima:</strong></span> <span class='ocrx_word' id='word_1_435' title='bbox 675 2290 887 2328; x_wconf 86' lang='lat' dir='ltr'><strong>namque</strong></span> <span class='ocrx_word' id='word_1_436' title='bbox 923 2279 1274 2318; x_wconf 88' lang='lat' dir='ltr'><strong>obtrectarunt</strong></span> <span class='ocrx_word' id='word_1_437' title='bbox 1308 2279 1440 2325; x_wconf 85' lang='lat' dir='ltr'><strong>inter</strong></span> <span class='ocrx_word' id='word_1_438' title='bbox 1475 2289 1536 2317; x_wconf 91' lang='lat' dir='ltr'><strong>se.</strong></span> <span class='ocrx_word' id='word_1_439' title='bbox 1598 2277 1649 2318; x_wconf 88' lang='lat' dir='ltr'><strong>Ut</strong></span> <span class='ocrx_word' id='word_1_440' title='bbox 1691 2278 1943 2318; x_wconf 88' lang='lat' dir='ltr'><strong>obtrectarint</strong></span> <span class='ocrx_word' id='word_1_441' title='bbox 1976 2278 2079 2317; x_wconf 86' lang='lat' dir='ltr'><strong>inter</strong></span> <span class='ocrx_word' id='word_1_442' title='bbox 2094 2287 2156 2322; x_wconf 90' lang='lat' dir='ltr'><strong>se,</strong></span> <span class='ocrx_word' id='word_1_443' title='bbox 2195 2289 2409 2327; x_wconf 82' lang='lat' dir='ltr'><strong>quanquam</strong></span> 
     </span>
     <span class='ocr_line' id='line_1_36' title="bbox 141 2336 2408 2391; baseline 0 -12"><span class='ocrx_word' id='word_1_444' title='bbox 141 2340 320 2385; x_wconf 78' lang='lat' dir='ltr'><strong>Aristidis</strong></span> <span class='ocrx_word' id='word_1_445' title='bbox 347 2340 473 2379; x_wconf 80' lang='lat' dir='ltr'><strong>anima</strong></span> <span class='ocrx_word' id='word_1_446' title='bbox 493 2336 657 2389; x_wconf 66' lang='lat' dir='ltr'><strong>‘candida</strong></span> <span class='ocrx_word' id='word_1_447' title='bbox 679 2342 733 2391; x_wconf 75' lang='lat' dir='ltr'><strong>ab</strong></span> <span class='ocrx_word' id='word_1_448' title='bbox 758 2341 1039 2390; x_wconf 76' lang='lat' dir='ltr'><strong>obtrectatione</strong></span> <span class='ocrx_word' id='word_1_449' title='bbox 1066 2340 1180 2387; x_wconf 85' lang='lat' dir='ltr'><strong>afuit,</strong></span> <span class='ocrx_word' id='word_1_450' title='bbox 1208 2350 1258 2379; x_wconf 86' lang='lat' dir='ltr'><strong>ex</strong></span> <span class='ocrx_word' id='word_1_451' title='bbox 1285 2350 1353 2387; x_wconf 93' lang='lat' dir='ltr'><strong>eo,</strong></span> <span class='ocrx_word' id='word_1_452' title='bbox 1380 2339 1484 2391; x_wconf 90' lang='lat' dir='ltr'><strong>quod</strong></span> <span class='ocrx_word' id='word_1_453' title='bbox 1518 2339 1595 2379; x_wconf 93' lang='lat' dir='ltr'><strong>duo</strong></span> <span class='ocrx_word' id='word_1_454' title='bbox 1628 2340 1729 2386; x_wconf 82' lang='lat' dir='ltr'><strong>inter</strong></span> <span class='ocrx_word' id='word_1_455' title='bbox 1763 2350 1806 2380; x_wconf 90' lang='lat' dir='ltr'><strong>se</strong></span> <span class='ocrx_word' id='word_1_456' title='bbox 1841 2340 2077 2387; x_wconf 81' lang='lat' dir='ltr'><strong>obtrectant,</strong></span> <span class='ocrx_word' id='word_1_457' title='bbox 2112 2348 2192 2382; x_wconf 86' lang='lat' dir='ltr'><strong>non</strong></span> <span class='ocrx_word' id='word_1_458' title='bbox 2224 2340 2408 2389; x_wconf 88' lang='lat' dir='ltr'><strong>sequitur,</strong></span> 
     </span>
     <span class='ocr_line' id='line_1_37' title="bbox 141 2404 2409 2454; baseline 0 -12"><span class='ocrx_word' id='word_1_459' title='bbox 141 2404 378 2454; x_wconf 85' lang='lat' dir='ltr'><strong>principatus</strong></span> <span class='ocrx_word' id='word_1_460' title='bbox 405 2414 498 2448; x_wconf 84' lang='lat' dir='ltr'><strong>esse</strong></span> <span class='ocrx_word' id='word_1_461' title='bbox 516 2407 723 2450; x_wconf 83' lang='lat' dir='ltr'><strong>certamen.</strong></span> <span class='ocrx_word' id='word_1_462' title='bbox 775 2404 1073 2453; x_wconf 88' lang='lat' dir='ltr'><strong>Iphicratem</strong></span> <span class='ocrx_word' id='word_1_463' title='bbox 1100 2406 1156 2444; x_wconf 85' lang='lat' dir='ltr'><strong>sic</strong></span> <span class='ocrx_word' id='word_1_464' title='bbox 1180 2404 1329 2449; x_wconf 87' lang='lat' dir='ltr'><strong>laudas:</strong></span> <span class='ocrx_word' id='word_1_465' title='bbox 1357 2405 1571 2448; x_wconf 82' lang='lat' dir='ltr'><strong>nontam</strong></span> <span class='ocrx_word' id='word_1_466' title='bbox 1597 2404 2122 2452; x_wconf 81' lang='lat' dir='ltr'><strong>magnitudinererum</strong></span> <span class='ocrx_word' id='word_1_467' title='bbox 2155 2405 2409 2450; x_wconf 79' lang='lat' dir='ltr'><strong>gestarum,</strong></span> 
     </span>
     <span class='ocr_line' id='line_1_38' title="bbox 145 2462 2409 2516; baseline 0 -11"><span class='ocrx_word' id='word_1_468' title='bbox 145 2476 289 2516; x_wconf 92' lang='lat' dir='ltr'><strong>quam</strong></span> <span class='ocrx_word' id='word_1_469' title='bbox 315 2463 572 2515; x_wconf 82' lang='lat' dir='ltr'><strong>disciplina</strong></span> <span class='ocrx_word' id='word_1_470' title='bbox 600 2466 806 2514; x_wconf 85' lang='lat' dir='ltr'><strong>militari</strong></span> <span class='ocrx_word' id='word_1_471' title='bbox 832 2465 1124 2511; x_wconf 86' lang='lat' dir='ltr'><strong>nobilitatus</strong></span> <span class='ocrx_word' id='word_1_472' title='bbox 1152 2467 1235 2506; x_wconf 88' lang='lat' dir='ltr'><strong>est.</strong></span> <span class='ocrx_word' id='word_1_473' title='bbox 1286 2465 1399 2507; x_wconf 86' lang='lat' dir='ltr'><strong>Fuit</strong></span> <span class='ocrx_word' id='word_1_474' title='bbox 1425 2464 1551 2509; x_wconf 88' lang='lat' dir='ltr'><strong>enim</strong></span> <span class='ocrx_word' id='word_1_475' title='bbox 1577 2465 1692 2506; x_wconf 86' lang='lat' dir='ltr'><strong>talis</strong></span> <span class='ocrx_word' id='word_1_476' title='bbox 1719 2465 1836 2512; x_wconf 83' lang='lat' dir='ltr'><strong>dux.</strong></span> <span class='ocrx_word' id='word_1_477' title='bbox 1870 2466 1922 2511; x_wconf 85' lang='lat' dir='ltr'><strong>ut</strong></span> <span class='ocrx_word' id='word_1_478' title='bbox 1951 2475 2047 2508; x_wconf 88' lang='lat' dir='ltr'><strong>non</strong></span> <span class='ocrx_word' id='word_1_479' title='bbox 2084 2462 2242 2509; x_wconf 85' lang='lat' dir='ltr'><strong>solum</strong></span> <span class='ocrx_word' id='word_1_480' title='bbox 2278 2468 2409 2505; x_wconf 88' lang='lat' dir='ltr'><strong>aeta-</strong></span> 
     </span>
     <span class='ocr_line' id='line_1_39' title="bbox 144 2526 2409 2579; baseline 0 -12"><span class='ocrx_word' id='word_1_481' title='bbox 144 2530 212 2568; x_wconf 89' lang='lat' dir='ltr'><strong>tis</strong></span> <span class='ocrx_word' id='word_1_482' title='bbox 240 2537 356 2567; x_wconf 91' lang='lat' dir='ltr'><strong>suae</strong></span> <span class='ocrx_word' id='word_1_483' title='bbox 407 2537 511 2565; x_wconf 91' lang='lat' dir='ltr'><strong>cum</strong></span> <span class='ocrx_word' id='word_1_484' title='bbox 546 2528 714 2576; x_wconf 88' lang='lat' dir='ltr'><strong>primis</strong></span> <span class='ocrx_word' id='word_1_485' title='bbox 754 2530 1144 2579; x_wconf 87' lang='lat' dir='ltr'><strong>compararetur,</strong></span> <span class='ocrx_word' id='word_1_486' title='bbox 1184 2528 1269 2568; x_wconf 90' lang='lat' dir='ltr'><strong>sed</strong></span> <span class='ocrx_word' id='word_1_487' title='bbox 1301 2539 1357 2567; x_wconf 91' lang='lat' dir='ltr'><strong>ne</strong></span> <span class='ocrx_word' id='word_1_488' title='bbox 1384 2528 1438 2567; x_wconf 87' lang='lat' dir='ltr'><strong>de</strong></span> <span class='ocrx_word' id='word_1_489' title='bbox 1465 2527 1725 2577; x_wconf 82' lang='lat' dir='ltr'><strong>majoribus</strong></span> <span class='ocrx_word' id='word_1_490' title='bbox 1763 2531 1881 2568; x_wconf 83' lang='lat' dir='ltr'><strong>natu</strong></span> <span class='ocrx_word' id='word_1_491' title='bbox 1927 2526 2130 2578; x_wconf 89' lang='lat' dir='ltr'><strong>quidem</strong></span> <span class='ocrx_word' id='word_1_492' title='bbox 2163 2527 2409 2577; x_wconf 88' lang='lat' dir='ltr'><strong>quisquam</strong></span> 
     </span>
     <span class='ocr_line' id='line_1_40' title="bbox 144 2589 2411 2647; baseline -0 -16"><span class='ocrx_word' id='word_1_493' title='bbox 144 2592 540 2640; x_wconf 80' lang='lat' dir='ltr'><strong>anteponeretur.</strong></span> <span class='ocrx_word' id='word_1_494' title='bbox 607 2589 660 2629; x_wconf 82' lang='lat' dir='ltr'><strong>M.</strong></span> <span class='ocrx_word' id='word_1_495' title='bbox 696 2591 839 2631; x_wconf 88' lang='lat' dir='ltr'><strong>Tullius</strong></span> <span class='ocrx_word' id='word_1_496' title='bbox 881 2592 1079 2632; x_wconf 83' lang='lat' dir='ltr'><strong>existimat</strong></span> <span class='ocrx_word' id='word_1_497' title='bbox 1103 2592 1144 2630; x_wconf 90' lang='lat' dir='ltr'><strong>in</strong></span> <span class='ocrx_word' id='word_1_498' title='bbox 1177 2603 1329 2631; x_wconf 86' lang='lat' dir='ltr'><strong>summo</strong></span> <span class='ocrx_word' id='word_1_499' title='bbox 1367 2592 1601 2641; x_wconf 90' lang='lat' dir='ltr'><strong>imperatore</strong></span> <span class='ocrx_word' id='word_1_500' title='bbox 1634 2594 1817 2647; x_wconf 82' lang='lat' dir='ltr'><strong>quattuor</strong></span> <span class='ocrx_word' id='word_1_501' title='bbox 1849 2591 1918 2631; x_wconf 83' lang='lat' dir='ltr'><strong>has</strong></span> <span class='ocrx_word' id='word_1_502' title='bbox 1949 2601 2013 2631; x_wconf 89' lang='lat' dir='ltr'><strong>res</strong></span> <span class='ocrx_word' id='word_1_503' title='bbox 2052 2589 2179 2628; x_wconf 86' lang='lat' dir='ltr'><strong>inesse</strong></span> <span class='ocrx_word' id='word_1_504' title='bbox 2219 2593 2411 2639; x_wconf 87' lang='lat' dir='ltr'><strong>oportere,</strong></span> 
     </span>
     <span class='ocr_line' id='line_1_41' title="bbox 142 2647 2410 2705; baseline -0.001 -10"><span class='ocrx_word' id='word_1_505' title='bbox 142 2653 344 2696; x_wconf 81' lang='lat' dir='ltr'><strong>scientiam</strong></span> <span class='ocrx_word' id='word_1_506' title='bbox 369 2652 427 2699; x_wconf 82' lang='lat' dir='ltr'><strong>rei</strong></span> <span class='ocrx_word' id='word_1_507' title='bbox 453 2651 645 2700; x_wconf 82' lang='lat' dir='ltr'><strong>militaris,</strong></span> <span class='ocrx_word' id='word_1_508' title='bbox 673 2654 871 2701; x_wconf 74' lang='lat' dir='ltr'><strong>viruitem,</strong></span> <span class='ocrx_word' id='word_1_509' title='bbox 898 2654 1185 2701; x_wconf 82' lang='lat' dir='ltr'><strong>auctoritatem,</strong></span> <span class='ocrx_word' id='word_1_510' title='bbox 1198 2647 1443 2698; x_wconf 73' lang='lat' dir='ltr'><strong>felicitatem.</strong></span> <span class='ocrx_word' id='word_1_511' title='bbox 1499 2652 1558 2693; x_wconf 89' lang='lat' dir='ltr'><strong>Tu</strong></span> <span class='ocrx_word' id='word_1_512' title='bbox 1584 2664 1674 2694; x_wconf 86' lang='lat' dir='ltr'><strong>vero</strong></span> <span class='ocrx_word' id='word_1_513' title='bbox 1701 2654 1741 2694; x_wconf 91' lang='lat' dir='ltr'><strong>in</strong></span> <span class='ocrx_word' id='word_1_514' title='bbox 1768 2656 1837 2694; x_wconf 86' lang='lat' dir='ltr'><strong>tuo</strong></span> <span class='ocrx_word' id='word_1_515' title='bbox 1863 2652 2061 2705; x_wconf 87' lang='lat' dir='ltr'><strong>praedicas</strong></span> <span class='ocrx_word' id='word_1_516' title='bbox 2087 2661 2204 2695; x_wconf 82' lang='lat' dir='ltr'><strong>unam</strong></span> <span class='ocrx_word' id='word_1_517' title='bbox 2229 2653 2285 2692; x_wconf 89' lang='lat' dir='ltr'><strong>rei</strong></span> <span class='ocrx_word' id='word_1_518' title='bbox 2312 2653 2410 2695; x_wconf 91' lang='lat' dir='ltr'><strong>mili-</strong></span> 
     </span>
     <span class='ocr_line' id='line_1_42' title="bbox 143 2713 2408 2767; baseline 0 -11"><span class='ocrx_word' id='word_1_519' title='bbox 143 2715 237 2756; x_wconf 84' lang='lat' dir='ltr'><strong>taris</strong></span> <span class='ocrx_word' id='word_1_520' title='bbox 265 2715 484 2757; x_wconf 78' lang='lat' dir='ltr'><strong>scientiam:</strong></span> <span class='ocrx_word' id='word_1_521' title='bbox 520 2713 618 2754; x_wconf 90' lang='lat' dir='ltr'><strong>hanc</strong></span> <span class='ocrx_word' id='word_1_522' title='bbox 643 2716 749 2764; x_wconf 79' lang='lat' dir='ltr'><strong>enim</strong></span> <span class='ocrx_word' id='word_1_523' title='bbox 772 2717 1009 2766; x_wconf 72' lang='lat' dir='ltr'><strong>disciplinam</strong></span> <span class='ocrx_word' id='word_1_524' title='bbox 1041 2717 1247 2757; x_wconf 88' lang='lat' dir='ltr'><strong>militarem</strong></span> <span class='ocrx_word' id='word_1_525' title='bbox 1282 2718 1337 2757; x_wconf 91' lang='lat' dir='ltr'><strong>vis</strong></span> <span class='ocrx_word' id='word_1_526' title='bbox 1363 2717 1561 2767; x_wconf 85' lang='lat' dir='ltr'><strong>intellegi,</strong></span> <span class='ocrx_word' id='word_1_527' title='bbox 1597 2720 1641 2756; x_wconf 92' lang='lat' dir='ltr'><strong>ut</strong></span> <span class='ocrx_word' id='word_1_528' title='bbox 1665 2718 1815 2759; x_wconf 79' lang='lat' dir='ltr'><strong>videtur</strong></span> <span class='ocrx_word' id='word_1_529' title='bbox 1845 2739 1897 2745; x_wconf 92' lang='lat'>———-</span> <span class='ocrx_word' id='word_1_530' title='bbox 1924 2724 2090 2764; x_wconf 82' lang='lat' dir='ltr'><strong>eumque</strong></span> <span class='ocrx_word' id='word_1_531' title='bbox 2117 2716 2246 2756; x_wconf 85' lang='lat' dir='ltr'><strong>tamen</strong></span> <span class='ocrx_word' id='word_1_532' title='bbox 2271 2716 2408 2760; x_wconf 88' lang='lat' dir='ltr'><strong>ducem</strong></span> 
     </span>
     <span class='ocr_line' id='line_1_43' title="bbox 146 2775 2407 2830; baseline 0 -11"><span class='ocrx_word' id='word_1_533' title='bbox 146 2780 303 2825; x_wconf 91' lang='lat' dir='ltr'><strong>statuis,</strong></span> <span class='ocrx_word' id='word_1_534' title='bbox 332 2788 409 2827; x_wconf 93' lang='lat' dir='ltr'><strong>quo</strong></span> <span class='ocrx_word' id='word_1_535' title='bbox 435 2787 509 2816; x_wconf 91' lang='lat' dir='ltr'><strong>nec</strong></span> <span class='ocrx_word' id='word_1_536' title='bbox 534 2778 750 2826; x_wconf 88' lang='lat' dir='ltr'><strong>aequalium</strong></span> <span class='ocrx_word' id='word_1_537' title='bbox 777 2790 849 2818; x_wconf 91' lang='lat' dir='ltr'><strong>nec</strong></span> <span class='ocrx_word' id='word_1_538' title='bbox 874 2780 1047 2829; x_wconf 89' lang='lat' dir='ltr'><strong>priorum</strong></span> <span class='ocrx_word' id='word_1_539' title='bbox 1074 2780 1276 2830; x_wconf 87' lang='lat' dir='ltr'><strong>quisquam</strong></span> <span class='ocrx_word' id='word_1_540' title='bbox 1302 2777 1442 2829; x_wconf 82' lang='lat' dir='ltr'><strong>maJ&#39;or!</strong></span> <span class='ocrx_word' id='word_1_541' title='bbox 1494 2779 1783 2830; x_wconf 90' lang='lat' dir='ltr'><strong>Pelopidam</strong></span> <span class='ocrx_word' id='word_1_542' title='bbox 1809 2790 1943 2820; x_wconf 89' lang='lat' dir='ltr'><strong>narras</strong></span> <span class='ocrx_word' id='word_1_543' title='bbox 1969 2776 2115 2826; x_wconf 84' lang='lat' dir='ltr'><strong>magis</strong></span> <span class='ocrx_word' id='word_1_544' title='bbox 2147 2775 2407 2820; x_wconf 87' lang='lat' dir='ltr'><strong>historicis</strong></span> 
     </span>
     <span class='ocr_line' id='line_1_44' title="bbox 149 2840 2408 2894; baseline -0 -11"><span class='ocrx_word' id='word_1_545' title='bbox 149 2853 288 2893; x_wconf 89' lang='lat' dir='ltr'><strong>quam</strong></span> <span class='ocrx_word' id='word_1_546' title='bbox 315 2840 457 2891; x_wconf 81' lang='lat' dir='ltr'><strong>volgo</strong></span> <span class='ocrx_word' id='word_1_547' title='bbox 484 2842 663 2881; x_wconf 89' lang='lat' dir='ltr'><strong>notum.</strong></span> <span class='ocrx_word' id='word_1_548' title='bbox 717 2840 793 2890; x_wconf 88' lang='lat' dir='ltr'><strong>Qui</strong></span> <span class='ocrx_word' id='word_1_549' title='bbox 819 2841 983 2883; x_wconf 86' lang='lat' dir='ltr'><strong>Romani</strong></span> <span class='ocrx_word' id='word_1_550' title='bbox 1009 2843 1146 2887; x_wconf 77' lang='lat' dir='ltr'><strong>litteris</strong></span> <span class='ocrx_word' id='word_1_551' title='bbox 1173 2841 1329 2883; x_wconf 89' lang='lat' dir='ltr'><strong>Graccis</strong></span> <span class='ocrx_word' id='word_1_552' title='bbox 1355 2844 1466 2882; x_wconf 91' lang='lat' dir='ltr'><strong>erant</strong></span> <span class='ocrx_word' id='word_1_553' title='bbox 1492 2842 1630 2882; x_wconf 90' lang='lat' dir='ltr'><strong>eruditi</strong></span> <span class='ocrx_word' id='word_1_554' title='bbox 1657 2866 1709 2872; x_wconf 93' lang='lat'><strong>—</strong></span> <span class='ocrx_word' id='word_1_555' title='bbox 1735 2855 1833 2894; x_wconf 89' lang='lat' dir='ltr'><strong>quos</strong></span> <span class='ocrx_word' id='word_1_556' title='bbox 1858 2845 1924 2883; x_wconf 85' lang='lat' dir='ltr'><strong>tua</strong></span> <span class='ocrx_word' id='word_1_557' title='bbox 1951 2842 2077 2885; x_wconf 78' lang='lat' dir='ltr'><strong>aetate</strong></span> <span class='ocrx_word' id='word_1_558' title='bbox 2108 2841 2258 2885; x_wconf 77' lang='lat' dir='ltr'><strong>constat</strong></span> <span class='ocrx_word' id='word_1_559' title='bbox 2292 2842 2408 2882; x_wconf 89' lang='lat' dir='ltr'><strong>fuisse</strong></span> 
     </span>
     <span class='ocr_line' id='line_1_45' title="bbox 145 2901 2408 2956; baseline -0 -11"><span class='ocrx_word' id='word_1_560' title='bbox 145 2906 333 2956; x_wconf 89' lang='lat' dir='ltr'><strong>plurimos</strong></span> <span class='ocrx_word' id='word_1_561' title='bbox 358 2926 411 2934; x_wconf 80' lang='lat'><strong>——</strong></span> <span class='ocrx_word' id='word_1_562' title='bbox 436 2915 516 2943; x_wconf 90' lang='lat' dir='ltr'><strong>non</strong></span> <span class='ocrx_word' id='word_1_563' title='bbox 541 2903 766 2953; x_wconf 85' lang='lat' dir='ltr'><strong>Pelopidam</strong></span> <span class='ocrx_word' id='word_1_564' title='bbox 804 2901 924 2954; x_wconf 82' lang='lat' dir='ltr'><strong>magis</strong></span> <span class='ocrx_word' id='word_1_565' title='bbox 963 2907 1207 2954; x_wconf 74' lang='lat' dir='ltr'><strong>ignorabant,</strong></span> <span class='ocrx_word' id='word_1_566' title='bbox 1247 2916 1363 2954; x_wconf 90' lang='lat' dir='ltr'><strong>quam</strong></span> <span class='ocrx_word' id='word_1_567' title='bbox 1395 2905 1583 2951; x_wconf 90' lang='lat' dir='ltr'><strong>Dionem,</strong></span> <span class='ocrx_word' id='word_1_568' title='bbox 1622 2906 1874 2956; x_wconf 80' lang='lat' dir='ltr'><strong>Iphicratem,</strong></span> <span class='ocrx_word' id='word_1_569' title='bbox 1915 2903 2120 2945; x_wconf 84' lang='lat' dir='ltr'><strong>Chabriam</strong></span> <span class='ocrx_word' id='word_1_570' title='bbox 2135 2929 2146 2948; x_wconf 90' lang='lat'><strong>,</strong></span> <span class='ocrx_word' id='word_1_571' title='bbox 2186 2903 2408 2950; x_wconf 83' lang='lat' dir='ltr'><strong>Datamem;</strong></span> 
     </span>
     <span class='ocr_line' id='line_1_46' title="bbox 147 2960 2407 3020; baseline -0 -12"><span class='ocrx_word' id='word_1_572' title='bbox 147 2969 212 3019; x_wconf 90' lang='lat' dir='ltr'><strong>qui</strong></span> <span class='ocrx_word' id='word_1_573' title='bbox 253 2960 500 3008; x_wconf 84' lang='lat' dir='ltr'><strong>Graecarum</strong></span> <span class='ocrx_word' id='word_1_574' title='bbox 527 2965 742 3007; x_wconf 88' lang='lat' dir='ltr'><strong>litterarum</strong></span> <span class='ocrx_word' id='word_1_575' title='bbox 780 2967 895 3008; x_wconf 86' lang='lat' dir='ltr'><strong>rudes</strong></span> <span class='ocrx_word' id='word_1_576' title='bbox 943 2972 1050 3009; x_wconf 90' lang='lat' dir='ltr'><strong>erant</strong></span> <span class='ocrx_word' id='word_1_577' title='bbox 1091 2991 1143 2999; x_wconf 93' lang='lat'><strong>—</strong></span> <span class='ocrx_word' id='word_1_578' title='bbox 1190 2969 1294 3020; x_wconf 91' lang='lat' dir='ltr'><strong>quod</strong></span> <span class='ocrx_word' id='word_1_579' title='bbox 1334 2968 1467 3019; x_wconf 77' lang='lat' dir='ltr'><strong>volgus</strong></span> <span class='ocrx_word' id='word_1_580' title='bbox 1503 2970 1585 3008; x_wconf 87' lang='lat' dir='ltr'><strong>erat</strong></span> <span class='ocrx_word' id='word_1_581' title='bbox 1619 2990 1670 2998; x_wconf 90' lang='lat'>-</span> <span class='ocrx_word' id='word_1_582' title='bbox 1724 2979 1775 3009; x_wconf 93' lang='lat' dir='ltr'><strong>ne</strong></span> <span class='ocrx_word' id='word_1_583' title='bbox 1830 2965 2060 3009; x_wconf 85' lang='lat' dir='ltr'><strong>clarissimos</strong></span> <span class='ocrx_word' id='word_1_584' title='bbox 2108 2964 2274 3015; x_wconf 87' lang='lat' dir='ltr'><strong>quidem·</strong></span> <span class='ocrx_word' id='word_1_585' title='bbox 2300 2970 2407 3007; x_wconf 82' lang='lat' dir='ltr'><strong>exte-</strong></span> 
     </span>
    </p>
   </div>
  </div>
 </body>
</html>
