2561 3333
1273 84 1302 130 6

142 199 360 247 voluerunt,
387 200 501 250 pauci
529 200 763 250 potuerunt,
789 196 880 237 huic
914 199 1092 249 contigit:
1146 200 1226 245 tam
1252 198 1445 247 comptam
1471 196 1685 236 orationem
1712 196 1750 236 h.
1768 198 1793 237 l.
1813 202 2034 250 repetieris.
2086 202 2257 249 Deinde,
2294 202 2412 252 quod,

142 263 211 314 qui
234 264 364 303 terrae
390 268 551 303 munere
575 261 785 307 vescimur,
812 260 976 310 patriam
1001 262 1221 301 constanter
1246 255 1406 300 dicimus
1433 261 1473 299 et
1498 259 1755 312 intellegimus
1789 272 1899 311 eam,
1926 265 1966 305 in
1985 278 2059 316 qua
2086 267 2170 317 quis
2196 267 2306 306 natus
2335 268 2406 312 est,

142 329 187 365 tu
213 327 370 376 quid'em
395 335 554 365 necesse
580 325 700 364 habes
726 323 911 365 scribere:
938 325 1162 374 patriam,
1187 324 1241 362 in·
1263 333 1355 372 qua
1381 324 1483 373 erat
1508 325 1662 362 natus.
1715 323 1825 363 Unde
1852 325 1993 368 factum
2018 329 2086 377 sit,
2113 331 2157 368 ιιι
2182 331 2260 369 tam
2277 328 2410 368 absur-

141 388 214 428 dus
241 400 363 436 esses,
408 387 704 438 significabimus
736 389 884 436 postea.
952 387 1006 427 ιιι
1030 385 1286 447 Pelopida
1298 396 1378 435 cap.
1404 384 1430 423 2
1457 389 1480 430 8
1508 385 1545 425 3.
1579 386 1972 430 Lacedaemoniorum
2018 392 2225 431 dominatio
2260 392 2407 440 deJecta

142 451 367 491 celebratur.
421 451 536 506 Initio
560 449 684 499 posita
711 450 770 488 est
795 448 991 498 praeclara
1018 442 1223 488 sententia:
1269 446 1477 498 Magnae
1510 458 1652 498 saepe
1678 459 1757 488 res
1790 461 1911 490 ιιοιι
1923 453 1991 493 ita
2030 454 2214 505 magnis
2252 453 2410 504 copiis

142 516 255 553 sunt
281 500 474 570 gestae,
501 511 582 558 sed
608 506 833 561 profecto
860 522 1099 562 nunquam
1125 504 1220 550 tam
1238 509 1294 548 ab
1312 510 1443 548 tenui
1462 510 1606 550 initio
1624 513 1788 551 tantae
1815 524 1936 563 opes
1962 520 2074 556 sunt
2095 516 2410 567 profligatae.

142 575 248 626 Opes
276 576 497 626 profligatas
524 573 715 631 intellegis
742 573 1137 614 Lacedaemoniorum
1161 582 1290 622 pugna
1321 571 1531 612 Leuctrica.
1583 574 1635 612 At
1667 572 1867 627 Leuctrica
1902 588 2030 628 pugna
2056 591 2079 619 e
2103 580 2308 619 temerario
2343 579 2411 618 illo

138 640 325 688 juvenum
350 639 503 686 incepto
529 647 609 676 ιιοιι
643 637 767 687 magis
801 639 860 676 est
893 639 999 686 apta,
1036 645 1150 685 quam
1184 644 1250 673 ex
1260 634 1465 673 Alcibiadis
1503 634 1673 674 discessu
1708 617 1835 676 clades
1869 639 2161 681 Atheniensium
2199 641 2246 680 ad
2280 642 2410 691 Aegos

140 702 299 741 flumen.
351 699 424 739 Hic
450 700 482 739 si
508 710 588 738 non
615 698 874 745 discessisset,
901 698 1110 737 forsitan
1136 696 1185 735 ad
1210 698 1340 746 Aegos
1366 696 1510 736 flumen
1543 709 1623 737 non
1649 701 1791 744 essent
1803 700 1911 747 victi;
1938 703 2199 743 adolescentes
2238 704 2409 742 Thebani

139 764 216 803 nisi
233 754 472 813 optimatium
500 750 618 801 duces
645 761 920 807 trucidassent,
947 759 1056 799 fieri
1082 759 1264 809 potuit,
1288 761 1332 798 ut
1356 758 1555 799 Leuctrica
1573 770 1702 810 pugna
1719 771 1807 799 ιιοιι
1825 765 2140 805 committeretur.
2166 766 2271 806 Haec
2305 765 2408 805 nulla

144 828 205 864 est
230 835 364 864 rerum
391 824 677 874 consequentia.
729 824 823 863 Post
848 823 951 862 illam
974 822 1204 860 sententiam
1231 821 1446 861 lectissimis
1471 822 1597 861 verbis
1631 824 1773 862 statum
1806 834 1937 864 rerum
1971 826 2222 874 Graecarum,
2257 829 2321 878 qui
2347 828 2411 867 illa

139 888 265 927 aetate
290 886 382 933 fuit,
410 886 617 933 describis,
646 888 728 928 tum
754 886 810 926 sic
833 885 881 925 ad
913 895 997 923 rem
1032 883 1201 924 accedis:
1263 883 1347 923 Illi
1388 885 1548 935 igitur
1583 884 1869 939 duodecim,
1914 900 2121 937 quorum
2161 889 2286 930 dux
2302 894 2408 931 erat

138 949 427 1000 Pelopidas,
469 960 575 997 cum
593 959 597 963 ·
617 948 825 988 Athenis
870 947 1093 987 interdiu
1137 947 1357 987 exissent
1392 959 1475 986 —:
1515 958 1618 987 cum
1658 947 1849 988 canibus
1891 952 2134 993 venaticis
2175 954 2410 994 exierunt.

142 1013 233 1062 Quo
255 1013 348 1062 quid
367 1014 536 1053 insanius
564 1013 638 1051 dici
656 1014 725 1061 aut
748 1011 841 1059 fingi
859 1011 1012 1058 potest?
1066 1010 1143 1057 Qui
1170 1012 1372 1055 exierunt,
1395 1009 1590 1049 exierunt!
1630 1010 1679 1049 Ni
1707 1004 1802 1050 fallit
1827 1014 1947 1058 ratio,
1975 1017 2187 1054 ornamenti
2214 1016 2409 1065 cujusdam

140 1075 313 1116 studium
339 1075 524 1115 subvertit
550 1074 788 1124 scriptorem.
840 1071 975 1113 Multis
1002 1072 1095 1112 locis
1122 1072 1225 1123 apud
1250 1072 1305 1111 M.
1333 1072 1500 1112 Tullium
1525 1072 1615 1111 talia
1641 1073 1908 1125 reperiuntur,
1936 1077 2048 1124 quale
2074 1077 2165 1116 hoc:
2200 1077 2407 1116 Stultitiam

139 1140 260 1183 —‚et
286 1137 531 1179 timiditatem
557 1156 607 1164 ——
634 1145 723 1174 cum
750 1133 962 1174 dicimus
990 1145 1075 1174 esse
1101 1134 1281 1185 fugienda
1299 1156 1369 1181 —-,
1396 1145 1475 1174 ιιοιι
1500 1135 1554 1173 ita
1581 1134 1787 1174 dicimus
1814 1133 1876 1186 (de
1893 1136 2001 1176 Finn.
2024 1138 2048 1178 3
2067 1142 2090 1185 s
2109 1138 2195 1191 39.),
2221 1141 2287 1179 aut
2311 1139 2407 1180 hoc:

141 1200 242 1242 Cum
265 1222 316 1229 --
344 1200 544 1239 decretum
570 1198 822 1248 proditur,
849 1198 914 1237 lex
940 1199 1019 1237 veri
1046 1198 1219 1247 rectique
1245 1198 1478 1247 pro-ditur
1504 1196 1659 1247 (Acadd.
1686 1208 1745 1246 pr.
1775 1201 1798 1242 s
1825 1198 1914 1250 27.).

267 1263 314 1302 ιιι
339 1260 643 1311 Thrasybulo
672 1271 761 1299 cum
787 1263 877 1310 post
903 1260 1107 1299 exordium
1133 1259 1181 1299 ad
1220 1270 1283 1298 res
1320 1260 1422 1309 ipsas
1454 1259 1610 1305 transit,
1645 1259 1700 1298 sic
1726 1260 1872 1299 scribit:
1925 1261 2137 1303 Primum
2174 1264 2410 1314 Pelopon—

138 1325 275 1364 nesio
302 1323 435 1362 bello
463 1323 616 1361 multa
641 1322 720 1362 hic
746 1323 850 1361 sine
876 1322 1131 1361 Alcibiade
1165 1323 1340 1372 gessit,
1372 1322 1460 1361 ille
1494 1321 1670 1361 nullam
1702 1321 1801 1361 rem
1835 1322 1938 1362 sine
1971 1323 2071 1365 hoc.
2124 1325 2336 1367 Alcibiades
2362 1327 2411 1366 ab

140 1398 241 1427 anno
270 1386 500 1439 duodecimo
528 1385 619 1424 belli
660 1385 979 1435 Peloponnesiaci
1006 1385 1055 1424 ad
1082 1384 1318 1424 Siciliensem
1345 1385 1630 1435 expeditionem
1656 1384 1794 1424 multas
1820 1396 1884 1425 res
1911 1388 2048 1436 gessit,
2075 1391 2255 1439 tantaque
2280 1391 2410 1429 a'ucto-

139 1451 253 1490 ritate
279 1449 432 1495 floruit,
458 1451 503 1487 ut
527 1448 671 1488 inimici
697 1447 918 1487 viderentur
943 1448 1152 1498 tyrannidis
1188 1448 1444 1497 suspicionem
1471 1448 1511 1486 in
1545 1459 1634 1486 eum
1669 1458 1784 1497 posse
1818 1459 1986 1487 movere.
2038 1450 2083 1489 In
2119 1452 2408 1500 explicatissima

141 1512 357 1561 eademque
383 1510 672 1560 diligentissima
707 1509 939 1560 Thucydidis
974 1510 1211 1555 narratione,
1246 1520 1345 1559 quae
1372 1512 1433 1549 est
1465 1510 1514 1549 de
1547 1509 1619 1548 illis
1645 1509 1851 1549 Alcibiadis
1884 1510 2022 1558 rebuS,
2055 1523 2242 1563 nusquam
2276 1513 2409 1554 Thras.

141 1575 270 1613 socius
298 1575 624 1613 commemoratur
649 1573 897 1612 consiliorum
923 1575 991 1611 aut
1014 1583 1146 1611 rerum
1162 1572 1390 1619 Alcibiadis,
1417 1583 1490 1611 nec
1516 1573 1618 1622 apud
1644 1573 1739 1611 alios
1766 1573 1973 1631 scriptores
1998 1574 2076 1613 ulla
2102 1578 2161 1614 est
2186 1576 2408 1626 Thrasybuli

142 1636 306 1682 mentio,
334 1646 433 1685 quae
458 1635 510 1674 ad
533 1634 598 1674 illa
623 1637 801 1684 tempora
826 1634 1027 1674 referatur.
1078 1629 1251 1684 Apparet
1276 1636 1392 1686 igitur
1414 1635 1495 1684 jam
1520 1646 1641 1680 nunc,
1676 1626 1802 1684 aliqua
1838 1646 1894 1674 ex
1914 1638 2022 1685 parte
2056 1636 2148 1676 falsa
2184 1648 2284 1683 esse,
2310 1650 2408 1687 quae

140 1698 271 1749 Nepos
297 1697 511 1737 tradiderit.
562 1696 641 1736 Sed
667 1696 830 1740 videnda
856 1698 947 1736 sunt
972 1699 1167 1747 postrema
1193 1697 1283 1736 belli
1309 1697 1625 1748 Peloponnesiaci
1652 1699 1841 1748 tempora.
1893 1698 2009 1749 Apud
2046 1698 2306 1751 Thucydidem
2331 1712 2411 1741 non

143 1762 302 1801 affertur
328 1760 514 1811 Thrasyb.
541 1762 631 1799 ante
656 1760 880 1800 vicesimum
906 1760 996 1798 belli
1022 1772 1177 1799 annum.
1229 1761 1287 1799 lbi
1314 1772 1337 1799 a
1362 1761 1565 1807 militibus,
1593 1761 1658 1810 qui
1694 1761 2060 1812 quadringentorum
2097 1763 2299 1812 imperium
2329 1764 2409 1812 J'am

143 1824 245 1863 ferre
272 1824 440 1869 nollent,
482 1823 662 1868 ducibus,
722 1823 787 1872 qui
825 1825 1046 1872 praeerant,
1102 1823 1272 1873 rejectis,
1296 1874 1301 1878 Ι
1330 1834 1420 1862 cum
1457 1823 1657 1873 Thrasyllo
1701 1824 1861 1874 aliisque
1904 1824 2087 1875 Thrasyb.
2127 1825 2207 1864 dux
2250 1829 2409 1865 creatur.

143 1887 231 1927 Jam
257 1886 351 1926 nihil
378 1886 572 1936 antiquius
599 1885 752 1931 habuit,
780 1896 895 1935 quam
921 1888 965 1924 ut
993 1885 1234 1925 Alcibiadem
1252 1886 1472 1931 reduceret,
1499 1886 1561 1925 cui
1586 1885 1746 1925 reducto
1773 1887 1923 1933 statim,
1950 1887 2015 1936 qui
2042 1886 2090 1926 ad
2109 1885 2266 1927 Samum
2290 1892 2412 1935 erant,

145 1961 336 1989 summam
361 1960 496 1989 rerum
524 1948 791 1995 committunt,-
818 1959 852 1988 v.
871 1947 1042 1998 Thucyd.
1068 1947 1168 1994 VIII,
1195 1946 1258 1988 82.
1309 1948 1366 1994 Is,
1393 1948 1553 1987 simulac
1578 1943 1751 1988 summus
1777 1949 1858 2006 dux
1884 1950 2112 1988 constitutus
2140 1952 2215 1995 est,
2243 1950 2329 1989 his
2318 1951 2410 2000 ipsis

144 2012 347 2065 militibus,
375 2023 542 2063 quorum
569 2022 687 2062 opera
711 2010 838 2051 fuerat
872 2011 1091 2058 restitutus,
1133 2022 1262 2061 quam
1286 2011 1453 2067 maxime
1488 2010 1658 2051 Athenas
1695 2022 1783 2052 cum
1816 2011 1937 2052 classe
1970 2012 2026 2051 ire
2059 2013 2297 2062 cupientibus
2333 2025 2412 2054 ιιοιι

143 2076 291 2125 paruit3
327 2087 401 2126 qua
425 2077 465 2114 in
490 2086 536 2114 re
562 2075 778 2124 adjutorem
811 2075 1057 2113 utilissimum
1084 2075 1274 2113 exstitisse
1301 2073 1583 2123 Thrasybulum
1609 2077 1743 2113 auctor
1769 2077 1827 2113 est
1851 2074 2043 2114 Plutarch.
2069 2075 2109 2112 ιιι
2134 2074 2255 2112 Alcib.
2282 2086 2313 2113 c.
2338 2075 2410 2121 26;

145 2131 328 2178 nimirum
354 2138 520 2176 maxima
547 2136 719 2189 omnium
744 2147 838 2176 voce
855 2147 944 2176 cum
969 2137 1164 2182 uteretur,
1189 2135 1409 2185 gravissime
1435 2135 1575 2174 milites
1593 2136 1830 2191 increpuisse
1856 2147 2069 2185 eorumque
2097 2136 2303 2185 perculisse
2328 2139 2414 2177 ani·-

146 2211 246 2239 mos.
297 2199 408 2238 Brevi
435 2202 533 2248 post,
561 2199 702 2238 eodem
728 2209 762 2237 a.
789 2198 908 2240 altero
936 2196 999 2237 01.
1014 2197 1077 2243 92,
1106 2196 1422 2250 cumAlcibiades
1450 2197 1745 2247 Tissaphernem
1772 2198 1927 2244 adisset,
1954 2198 2247 2237 Atheniensium
2273 2199 2411 2241 classes

148 2262 300 2302 duobus
325 2261 483 2311 proeliis
499 2260 824 2301 Lacedaemonios
851 2262 1083 2310 superarunt
1107 2259 1157 2298 ad
1178 2258 1433 2311 Cynossema;
1460 2260 1503 2298 in
1517 2262 1684 2309 utroque
1703 2261 2000 2301 Atheniensium
2026 2261 2142 2299 duces
2167 2262 2411 2301 nominantur

147 2323 408 2375 Thrasybulus
440 2326 480 2363 et
506 2316 744 2375 Thrasyllus,
778 2334 813 2362 v.
840 2323 1011 2374 Thucyd.
1038 2323 1141 2370 vm,
1171 2321 1258 2362 105.
1296 2321 1456 2361 Diodor.
1483 2321 1590 2369 XIII,
1617 2322 1680 2363 45.
1731 2323 1893 2363 Duobus
1920 2323 2002 2362 sere
2028 2322 2222 2362 mensibus
2248 2328 2335 2373 post
2361 2325 2410 2364 ad

150 2388 329 2439 Abydum
356 2396 584 2425 concursum
611 2389 687 2433 est;
724 2397 958 2437 quamquam
983 2397 1063 2426 non
1088 2385 1340 2437 appellantur,
1366 2385 1446 2424 veri
1472 2383 1602 2424 tamen
1627 2387 1686 2425 est
1712 2381 1847 2434 simile,
1875 2385 2033 2426 eosdem
2058 2384 2267 2436 praefuisse
2291 2386 2410 2428 Athe-

150 2452 368 2496 niensibus;
394 2449 472 2489 hoc
498 2452 657 2495 certum,
682 2450 783 2490 male
809 2451 862 2489 ibi
889 2451 937 2489 ab
956 2450 1254 2489 Atheniensibus
1280 2460 1365 2488 rem
1392 2459 1477 2487 esse
1504 2451 1662 2498 gestam,
1688 2450 1780 2489 dum
1801 2450 2015 2489 Alcibiades
2043 2459 2131 2487 cum
2154 2449 2411 2501 duodeviginti

148 2515 309 2555 navibus
336 2513 556 2553 accurreret
579 2511 981 2563 Lacedaemoniosque
1006 2513 1178 2563 pelleret,
1205 2512 1278 2551 vid.
1304 2511 1486 2562 Xenoph.
1510 2511 1558 2550 R.
1586 2510 1631 2552 G.
1656 2512 1686 2559 1,
1717 2513 1751 2559 1,
1779 2512 1805 2552 5
1833 2515 1874 2552 et
1895 2512 1933 2552 6.
1986 2510 2124 2551 Secuta
2151 2514 2210 2550 est
2234 2524 2268 2551 a.
2294 2515 2408 2553 tertio

151 2577 325 2628 ejusdem
352 2574 416 2614 01.
441 2573 673 2613 nobilissima
699 2585 826 2625 pugna
853 2576 902 2615 ad
929 2575 1109 2626 Cyzicum
1137 2575 1362 2621 commissa;
1400 2573 1571 2613 interfuit
1596 2574 1799 2627 Thrasyb.,
1833 2575 1901 2615 sed
1927 2574 2069 2626 primas
2096 2572 2279 2614 Alcibiadi
2306 2586 2410 2617 com-

150 2641 279 2682 munis
307 2638 432 2678 defert
464 2638 693 2687 scriptorum
717 2649 937 2694 consensus.
999 2639 1097 2678 Tum
1123 2639 1337 2678 Alcibiades
1364 2637 1664 2685 chalcedonem,
1699 2628 1951 2690 selymbriam
1978 2640 2018 2676 et
2042 2637 2264 2686 Byzantium
2290 2641 2408 2690 cepit;

153 2704 294 2745 afuisse
319 2700 470 2741 videtur
495 2699 766 2748 Thrasybulus.
825 2701 863 2740 ls
889 2704 1095 2751 postquam
1121 2700 1304 2739 Thraciae
1331 2702 1371 2739 et
1396 2699 1636 2749 Hellesponti
1663 2690 1801 2739 multas
1827 2701 1943 2739 urbes
1969 2700 2010 2738 in
2034 2697 2325 2739 Atheniensium
2352 2703 2413 2745 di-‚

153 2765 306 2805 cionem
330 2761 500 2812 redegit,
534 2771 568 2801 a.
595 2760 718 2818 primo
746 2758 810 2802 01.
839 2761 890 2804 93
918 2774 1005 2804 cum
1029 2761 1226 2804 Alcibiade
1252 2761 1421 2803 Athenas
1448 2761 1564 2809 venit,
1599 2761 1646 2802 ab
1673 2774 1819 2814 eoque,
1854 2762 1915 2803 cui
1941 2772 2134 2808 summum
2158 2761 2361 2812 imperium
2386 2777 2410 2805 a

152 2828 296 2879 populo
325 2828 409 2864 erat
434 2825 579 2869 datum,
606 2823 692 2877 dux,
712 2827 770 2862 est
795 2826 1033 2873 constitutus,
1059 2825 1134 2865 vid.
1151 2825 1308 2864 Diodor.
1326 2825 1430 2871 XIII,
1451 2824 1514 2864 69.
1566 2824 1716 2865 Deinde
1741 2836 1814 2865 nec
1839 2826 1881 2865 in
1896 2823 2101 2864 Alcibiadis
2128 2827 2410 2875 oppugnatione

154 2890 275 2930 Andri
309 2900 382 2928 nec
416 2888 457 2926 in
489 2886 749 2926 infelicissimo
775 2887 940 2935 proelio,
975 2888 1077 2936 quod
1102 2887 1299 2927 Alcibiade
1334 2888 1492 2926 absente
1517 2886 1566 2929 ad
1591 2887 1747 2927 Notium
1780 2888 2029 2926 commissum
2068 2888 2141 2931 est,
2186 2887 2409 2939 Thrasybuli

153 2951 301 2993 mentio
336 2951 381 2990 fit
406 2949 503 2997 ulla3
543 2947 805 3000 Xenophonte
828 2948 875 2989 R.
903 2948 970 2991 Gr.
996 2949 1025 2998 1,
1051 2949 1088 2998 5,
1118 2950 1163 2991 ll
1202 2952 1303 2991 teste
1333 2948 1550 2992 Alcibiades
1582 2949 1656 2992 hoc
1683 2950 1820 2998 eodem
1844 2952 2024 3005 tempore
2057 2947 2106 2989 ad
2132 2948 2408 3003 Thrasybulum
