2710 3314
1328 62 1386 109 16

222 183 288 222 ubi
322 178 539 231 quaerenti
554 175 706 216 cuidam
737 176 865 217 socio:
910 174 1081 223 Quantas
1116 176 1273 216 tandem
1308 178 1378 216 tibi
1400 176 1602 223 Athenae,
1645 187 1713 227 per
1746 179 1786 215 te
1818 176 2039 217 liboetatem
2069 183 2307 229 consecutae,
2326 183 2478 264 gratias

222 242 443 286 debebunt?
469 237 699 291 respondet.
727 238 775 278 Di
801 238 950 285 faciant,
976 240 1033 285 ut,
1059 243 1221 289 quantas
1247 242 1330 291 ipse
1354 240 1428 281 illis
1455 241 1590 288 debeo,
1616 240 1745 280 videar
1769 241 1983 281 retulisse.-
2034 271 2036 275 s
2083 273 2085 276 Α
2494 284 2499 289 ,

351 307 509 347 Praeter
530 312 663 342 rerum
689 304 890 362 gestamm
906 302 1140 350 paucitatem
1164 304 1288 343 brevis
1307 293 1531 352 Thrasybuli
1557 305 1633 343 vita
1655 304 1928 343 sementiam
1946 279 2118 345 eontinet
2142 306 2297 347 affatim.
2341 307 2479 347 Omnis

223 371 348 411 oratio
384 378 472 408 cum
508 365 717 406 illustratur
751 363 862 403 bonis
888 366 1056 414 apteque
1080 364 1281 419 dispositis
1307 366 1524 411 sententiis,
1566 368 1649 405 tum
1682 368 1845 406 vitarum
1876 368 2142 415 expositiones
2170 371 2374 410 commode
2406 371 2479 410 hoc

221 443 363 486 genere
396 430 614 470 ornamenti
648 424 928 468 illuminantur,
990 426 1148 468 Summa
1186 437 1274 467 cum
1312 426 1564 467 admiratione
1599 427 1751 468 coelum
1777 428 2003 479 suspicimus
2032 429 2239 471 stellarum
2272 431 2479 473 lurninibus
2541 472 2543 474 .

220 496 463 539 distinetum3
490 495 613 531 totum
640 490 792 529 coelum
817 490 850 528 si
882 490 1003 529 stellis
1030 491 1195 528 obsitum
1223 491 1332 533 esset,
1359 491 1404 526 ut
1428 489 1576 528 mtivus
1602 490 1710 529 color
1735 491 1833 530 coeli
1858 491 1989 540 paucis
2013 491 2108 532 locis
2132 497 2347 543 appareret,
2372 498 2479 534 tanto

218 559 371 609 fulgore
398 557 520 596 laesos
554 553 686 594 oculos
720 555 994 592 averteremus.
1054 551 1119 592 Sic
1152 553 1298 592 animus
1333 553 1529 590 aversatur
1560 553 1781 598 sententias,
1816 555 1954 601 quibus
1980 554 2206 603 Thrasybuli
2232 557 2306 594 vita
2339 557 2478 596 referta

220 623 292 660 est.
352 619 445 658 Post
478 615 683 655 exordium
725 614 1028 666 intemperanter
1059 613 1229 653 inflatum
1256 608 1485 653 brevissime
1518 615 1702 653 notantur
1734 614 1933 661 remella·
1966 615 2292 666 Peloponnesiaco
2327 614 2477 669 gestae:

220 684 393 732 sequitur
417 679 606 718 sententia
632 678 682 716 de
708 678 887 716 fortunae
911 679 946 715 vi
973 676 1154 726 proximis
1181 676 1350 724 quinque
1376 676 1560 715 versibus.
1625 676 1736 724 Qme
1767 676 1841 715 ad-
1835 676 2015 727 patriam
2050 679 2285 721 liberandam
2318 682 2479 721 instituit

198 747 363 789 .Thras.‚
396 743 497 782 circa
529 749 671 781 novem
687 741 870 780 ·versibus
904 740 1159 789 exponuntur,
1192 738 1409 777 annectitur
1441 739 1547 778 locus
1582 739 1631 778 de
1663 750 1742 778 non
1775 741 2055 779 contemnendo
2071 774 2075 778 .
2091 742 2238 780 hoste.
2276 744 2375 782 Tum
2401 755 2479 784 uno

218 817 331 847 versu
354 804 620 856 significantur
645 802 870 853 Thrasybuli
898 812 991 852 opes
1015 810 1093 839 non
1120 801 1252 839 auctae
1278 810 1350 850 pro
1378 800 1571 850 opimone,
1598 801 1799 851 subjicitur
1822 802 2013 843 sententia
2039 803 2089 843 de
2113 804 2317 845 timiditate
2343 815 2478 857 magna

217 869 456 921 loquentium
481 878 558 917 pro
582 867 768 906 libertate.
835 865 929 904 Post
962 865 1139 901 narratur
1173 862 1306 901 Thras.
1348 863 1388 902 in
1423 863 1627 903 Piraeeum
1664 865 1865 911 nemisse,
1909 865 2112 925 adhaeret·
2127 867 2351 916 prudentiae
2384 869 2480 915 laus,
2511 866 2515 870 ’

217 932 465 982 cupidissime
500 930 740 980 amplificata.
813 926 984 966 Breviter
1015 936 1169 974 pugnae
1204 925 1370 973 bellique
1396 926 1530 967 ⁴exitus
1564 930 1802 979 memoratur
1835 929 2128 977 praemiumque
2162 930 2311 975 datum3
2353 933 2479 970 statim

217 997 330 1045 longa
357 994 409 1033 de
434 992 582 1032 Pittaco
606 991 841 1041 Mytilenaeo
867 988 1036 1027 narratio
1063 987 1332 1037 agglutinatur.
1382 987 1470 1027 Non
1495 991 1601 1038 patet
1624 990 1699 1028 iter
1722 999 1794 1039 per
1818 1000 1883 1029 res
1909 993 2054 1039 gestas,¹
2083 991 2314 1040 intersaepta
2339 994 2480 1041 passim

213 1059 274 1096 via
293 1061 354 1096 est
372 1055 580 1100 sententiis,
599 1042 645 1092 ut
657 1052 795 1102 pedem
812 1051 956 1100 ubique
974 1050 1158 1089 offendas.
1185 1049 1329 1089 Scrinia
1346 1050 1711 1096 rhexorum'videtur
1727 1052 1930 1102 compilata
1948 1052 2128 1092 habuisse
2144 1056 2260 1103 atque
2279 1053 2481 1104 diligenter

215 1123 419 1170 spectasse,
447 1128 547 1167 quae
574 1114 786 1155 sententiae
811 1113 1017 1153 commode
1052 1113 1274 1152 viderentur
1297 1113 1521 1163 Thrasybuli
1549 1114 1666 1154 rebus
1699 1115 1814 1164 gestis
1848 1125 1963 1165 posse
1989 1116 2182 1155 illustrari.
2243 1117 2367 1156 Haec
2407 1121 2480 1156 est

213 1182 373 1235 pusilli
392 1180 530 1221 animi
557 1179 711 1228 inepta
738 1188 858 1223 cura,
876 1187 968 1216 non
986 1175 1201 1217 historici
1228 1179 1306 1216 aut
1322 1177 1441 1216 vitae
1468 1177 1711 1226 scriptoris
1728 1178 1866 1228 digna
1895 1189 2084 1218 munere
2110 1183 2324 1229 suscepto
2348 1181 2480 1221 ratio.

343 1242 475 1284 Tertio
502 1236 590 1281 lo'co'
619 1239 787 1280 notanda
820 1241 882 1280 est
908 1239 1027 1290 ipsius
1055 1239 1238 1280 orationis
1271 1239 1326 1279 vis
1353 1241 1392 1280 et
1416 1241 1566 1280 natura.
1620 1239 1746 1287 „Fieri
1768 1242 1908 1291 potest,
1943 1242 1987 1282 ut
2012 1244 2118 1282 recte
2144 1241 2229 1292 quis
2255 1242 2406 1289 sentiat,
2442 1244 2481 1283 et

214 1309 265 1351 id,
293 1307 399 1355 quod
426 1306 551 1348 sentit,
584 1294 705 1352 polite
734 1304 864 1351 eloqui
897 1314 978 1340 non
1004 1304 1138 1351 possit,
1171 1303 1240 1340 sed
1274 1302 1456 1340 mandare
1488 1311 1720 1351 quemquam
1748 1304 1886 1342 litteris
1914 1297 2164 1354 cogitationes
2191 1315 2293 1350 suas,
2324 1306 2389 1354 qui
2417 1316 2480 1344 eas

212 1381 286 1410 nec
312 1369 517 1418 disponere
544 1375 615 1406 nec
648 1366 840 1405 iilustrare
865 1365 991 1414 possit
1017 1387 1080 1410 —,
1108 1364 1273 1403 hominis
1309 1367 1369 1403 est
1401 1364 1702 1413 intemperanter
1728 1366 1919 1406 abutentis
1946 1369 1986 1405 et
2011 1368 2091 1406 otio
2125 1370 2164 1406 et
2190 1368 2364 1406 litteris“.
2415 1368 2482 1406 His

212 1432 269 1472 M.
288 1426 410 1476 'Tullii
437 1430 561 1469 verbis
588 1429 628 1468 in
655 1428 767 1468 Tusc.
788 1428 806 1467 1
834 1431 858 1473 s
884 1427 910 1467 6
937 1427 1049 1478 plane
1077 1426 1278 1467 Cornelius
1303 1425 1432 1477 Nepos
1457 1427 1670 1468 conficitur.
1719 1427 1762 1468 In
1789 1429 1950 1469 exordio
1976 1429 2199 1479 perturbata
2225 1432 2317 1470 sunt
2341 1430 2480 1475 omnia,

213 1496 299 1534 illa
326 1494 481 1533 omnia
515 1497 538 1537 s
566 1493 591 1530 4
618 1503 696 1540 quo
723 1492 882 1535 referas,
916 1501 996 1529 non
1023 1490 1159 1534 habes;
1197 1499 1345 1537 quare
1370 1490 1480 1538 ponit
1507 1494 1530 1534 s
1556 1490 1595 1535 5,
1622 1501 1694 1529 nec
1721 1493 1971 1541 consequitur
1996 1492 2073 1531 hoc
2098 1503 2120 1531 e
2145 1493 2362 1542 prioribus3
2390 1504 2480 1543 quo

213 1557 366 1607 magis
393 1556 578 1605 scriptum
614 1557 674 1594 est
708 1565 741 1594 c.
768 1553 795 1593 2
828 1557 851 1599 s
880 1553 917 1600 3,
952 1553 1123 1603 quamvis
1157 1551 1250 1591 illud
1282 1554 1530 1602 praeceptum
1563 1564 1642 1593 non
1674 1554 1800 1594 minus
1836 1555 1997 1594 ducatur
2015 1567 2044 1594 e
2070 1555 2200 1594 multis
2236 1556 2320 1594 aliis
2353 1550 2481 1599 rebus,

211 1631 330 1671 quam
357 1630 407 1658 ex
434 1629 492 1664 ea,
521 1627 620 1668 quae
654 1619 770 1657 antea
797 1617 919 1667 posita
948 1617 1023 1662 est:
1049 1615 1191 1655 ibidem
1218 1619 1242 1660 8
1268 1614 1295 1654 5
1320 1614 1442 1654 Hinc
1473 1616 1529 1655 sic
1563 1616 1707 1663 scribit,
1739 1619 1783 1656 ut
1812 1618 1884 1657 nisi
1912 1618 2119 1668 interprete
2144 1618 2271 1657 divino
2298 1617 2481 1663 adhibito,

214 1694 292 1732 quo
326 1684 474 1733 spectet
508 1681 752 1726 adverbium,
790 1691 870 1719 non
903 1679 1043 1718 videas.
1112 1680 1240 1728 Atque
1272 1678 1410 1726 harum
1444 1679 1600 1727 quidem
1633 1680 1832 1719 turbarum
1877 1691 2009 1720 caussa
2042 1684 2160 1730 patet.
2230 1681 2360 1731 Ipsum
2395 1692 2481 1720 nar-

167 1783 171 1786 .
212 1747 370 1785 rationis
397 1745 517 1790 filum,
547 1744 829 1787 sententiarum
856 1743 927 1782 illis
955 1742 1162 1781 luminibus
1187 1741 1304 1780 toties
1331 1740 1607 1791 interruptum,
1644 1743 1905 1783 renovandum
1937 1746 2021 1783 erat
2045 1744 2272 1793 factumque·
2297 1746 2357 1783 est
2380 1755 2481 1783 cras-

214 1820 313 1854 sum,
347 1819 437 1848 cum
468 1808 650 1857 imperite
681 1808 944 1846 renovaretur.
1004 1805 1120 1854 Pejus
1153 1805 1269 1843 etiam
1302 1803 1409 1843 illud·
1430 1804 1581 1843 dicendi
1615 1815 1748 1855 genus,
1780 1806 1953 1855 plurimis
1988 1806 2081 1846 locis
2113 1807 2418 1846 animadversum
2442 1810 2481 1845 et

214 1871 433 1916 indicatum,
460 1870 527 1909 ubi
554 1880 643 1908 vera
671 1869 774 1908 falsis
801 1870 890 1907 sunt
915 1869 1040 1912 mista,
1066 1868 1131 1906 ubi
1157 1869 1238 1905 tam
1264 1868 1470 1905 narrantur
1494 1877 1557 1905 res
1584 1867 1774 1917 ambigue,
1801 1868 1867 1907 ubi
1896 1879 1918 1907 a
1943 1879 2035 1907 vero
2059 1871 2244 1917 rectoque
2270 1868 2482 1907 declinatur

213 1937 295 1973 tam
319 1933 458 1983 exiguo
488 1934 579 1978 fine,
603 1934 659 1977 ut,
685 1932 758 1971 nisi
786 1931 829 1971 id
851 1942 952 1981 agas,
978 1931 1042 1969 vix
1067 1930 1227 1975 sentias:
1254 1930 1378 1969 nescit
1404 1930 1522 1979 igitur
1548 1930 1703 1970 omnino
1730 1930 1919 1970 illustrare
1940 1933 2006 1970 aut
2032 1931 2239 1981 disponere
2261 1931 2480 1971 sententias.

213 1996 441 2045 Ubicunque
459 2007 517 2041 ea,
545 2005 646 2045 quae
664 1995 789 2044 prima
809 1996 868 2033 est
885 1994 1058 2033 omnium
1077 1994 1116 2032 in
1134 1992 1297 2032 dicendo
1316 1993 1447 2037 virtus,
1465 1993 1714 2042 perspicuitas
1733 1993 1852 2038 deest,
1877 1988 2040 2033 duarum
2058 2005 2279 2033 caussarum
2297 1994 2479 2033 alterutra

214 2059 373 2097 subesse
394 2058 518 2097 solet.
588 2056 689 2096 Sunt
721 2057 846 2102 enim,
883 2059 927 2095 ut
961 2058 1090 2095 mente
1126 2058 1257 2105 captos
1292 2055 1517 2094 omittamus
1545 2065 1708 2105 eosque,
1735 2056 1801 2105 qui
1834 2056 1988 2105 ingenio
2011 2045 2068 2095 'ac
2093 2066 2273 2095 sermone
2306 2055 2354 2095 ad
2385 2055 2479 2094 alios

214 2119 462 2170 decipiendos
488 2120 708 2166 abutuntur,
735 2122 814 2158 tam
840 2118 998 2158 hebetes
1017 2118 1159 2164 animo,
1185 2118 1250 2167 qui
1277 2128 1377 2168 quae
1402 2117 1462 2156 vel
1489 2118 1652 2168 legerint
1676 2119 1734 2157 vel
1760 2118 1962 2164 audierint,
1988 2129 2060 2159 nec
2086 2119 2285 2169 percipere
2310 2119 2382 2168 ipsi
2408 2129 2479 2157 nec

214 2194 303 2223 cum
322 2183 404 2222 aliis
430 2182 543 2232 plane
570 2183 856 2222 communicare
880 2183 1046 2232 possint;
1073 2180 1186 2231 hujus
1213 2180 1317 2220 modi
1336 2180 1514 2227 homines
1530 2191 1608 2219 non
1625 2191 1713 2220 raro
1730 2180 1782 2220 ad
1797 2181 2066 2221 obscurissima
2091 2192 2268 2232 quaeque
2291 2181 2477 2225 feruntur,

213 2247 459 2294 maximeque
486 2245 531 2284 iis
554 2245 814 2297 delectantur,
844 2245 909 2294 qui
943 2245 1200 2294 ampullantur
1223 2245 1263 2283 in
1280 2246 1377 2283 arte.
1431 2242 1530 2283 Sunt
1552 2243 1626 2289 alii,
1653 2255 1816 2293 quorum
1843 2246 1994 2284 animus
2014 2246 2201 2284 'varietate
2227 2247 2343 2293 atque
2369 2244 2477 2293 copia

214 2318 419 2348 sensorum
454 2318 498 2345 ac
529 2309 784 2357 cogitatorum
827 2304 1056 2352 offunditur,
1100 2309 1144 2345 ut
1176 2307 1287 2356 quasi
1327 2306 1518 2345 undarum
1558 2307 1698 2355 agitata
1739 2307 1916 2347 fluctibus
1954 2309 2058 2346 recta
2099 2308 2201 2346 stare
2237 2317 2316 2345 non
2356 2306 2477 2355 poss'it

215 2372 355 2411 mentis
382 2370 496 2409 acies.
554 2369 599 2409 ln
631 2370 751 2409 altero
784 2380 929 2422 genere
965 2380 1044 2408 non
1077 2369 1151 2409 erit
1184 2370 1248 2419 qui
1284 2368 1508 2409 Cornelium
1539 2367 1727 2418 Nepotem
1760 2372 1899 2420 ponat,
1937 2372 2018 2409 tam
2054 2373 2113 2410 est
2146 2370 2251 2410 omni
2288 2380 2338 2408 ex
2369 2372 2477 2418 parte

215 2435 362 2477 tenuis,
397 2432 556 2479 sterilis,
591 2433 771 2471 minutus.
822 2432 957 2471 Restat
982 2432 1121 2481 igitur,
1161 2435 1205 2470 ut
1236 2432 1285 2470 ad
1314 2433 1421 2481 prius
1456 2441 1578 2481 genus
1611 2431 1843 2477 referamus,
1878 2432 2186 2481 reteremusque,
2225 2434 2271 2470 ut
2292 2431 2476 2474 videmur,

215 2499 351 2537 nostro
392 2494 490 2544 iure.
566 2492 785 2534 Dicimus
833 2495 1002 2545 igitur,
1054 2494 1233 2543 ingenii
1270 2493 1557 2534 infirmitati
1599 2492 1685 2533 hoc
1723 2494 1912 2541 deberi,
1967 2494 2094 2544 quod
2134 2494 2344 2544 plurima
2384 2496 2475 2533 tam

216 2560 443 2602 obscure,
483 2558 574 2595 tam
601 2555 822 2605 oblique,
861 2559 950 2596 tam
982 2556 1193 2597 absurde
1220 2558 1496 2607 scripserit.
2359 2584 2362 2588 -

343 2620 523 2668 Denique
557 2619 740 2674 ipsorum
753 2620 968 2665 verborum,
1006 2620 1146 2669 quibus
1179 2630 1270 2658 usus
1305 2623 1376 2665 est,
1411 2620 1558 2659 mentio
1595 2618 1764 2657 facienda
1800 2622 1871 2658 est.
1931 2618 2008 2667 Qui
2049 2619 2317 2669 angustissimo
2353 2620 2475 2669 spatio

217 2683 411 2735 octoginta
444 2689 641 2721 versuum-
662 2680 904 2722 durissimam
930 2682 1116 2734 Ellipsim,
1152 2683 1394 2724 durissimam
1428 2684 1611 2728 Tmesim,
1636 2677 1888 2723 durissimum
1915 2682 2083 2733 Zeugma
2116 2682 2294 2726 admittit,
2329 2682 2394 2731 qui
2428 2684 2474 2723 ab

216 2747 381 2787 Evandri
414 2747 538 2784 matre
563 2743 705 2794 repetit
735 2745 898 2783 Actaeos
921 2754 993 2795 pro
1019 2746 1328 2792 Atheniensibus,
1362 2748 1536 2797 parserat
1561 2756 1584 2785 a
1609 2744 1755 2791 Plauto,
1789 2746 1947 2797 pernicii
1975 2746 2024 2786 ab
2050 2745 2200 2791 eodem,
2235 2745 2300 2795 qui
2326 2748 2404 2786 tam
2427 2747 2475 2787 ab

218 2811 433 2849 urbanitate
459 2809 579 2852 abest,
614 2809 659 2844 ut
683 2806 783 2844 cives
808 2807 1059 2847 Athenienses
1089 2809 1259 2857 appellet
1281 2811 1440 2853 Atticos,
1476 2810 1541 2857 qui
1567 2818 1645 2846 non
1672 2809 1818 2847 dubitat
1844 2810 1956 2858 plane
1982 2809 2161 2856 inusitate
2188 2818 2334 2856 ponere
2358 2810 2473 2847 animi
2529 2814 2532 2818 “

216 2871 448 2922 aequitatem
490 2880 563 2920 pro
602 2867 810 2912 modestia:
862 2868 904 2908 is
941 2870 1178 2919 profecto
1211 2881 1300 2911 nec
1332 2883 1354 2911 a
1388 2870 1715 2921 simplicitate
1760 2881 1847 2911 nec
1885 2871 1939 2910 ab
1985 2871 2240 2920 elegantia
2279 2870 2473 2910 dicendi

217 2933 490 2975 laudandus
525 2934 619 2972 est.
674 2929 936 2981 Quamquam,
971 2932 1189 2983 ubicunque
1213 2936 1333 2986 sapit,
1355 2934 1488 2976 onmis
1513 2933 1693 2974 orationis
1718 2937 1831 2978 tenor
1857 2937 1971 2985 atque
2006 2933 2128 2979 color,
2164 2936 2207 2974 ut
2239 2936 2370 2974 nostra
2401 2932 2474 2974 sert

217 2998 366 3049 opinio,
402 2995 602 3034 manifesto
628 2994 683 3033 M.
712 2993 824 3034 Tullii
856 2995 1055 3044 aequalem
1082 2997 1221 3046 prodit.
